3108 4956
186 506 1238 541 mmmmmmmmmmmmmmwawewamm

332 733 687 847 BENIGNO
728 730 1095 845 LECTORI.

637 1039 794 1058 *Δ

190 1217 311 1346 Quum
320 1259 356 1324 in
366 1280 407 1324 eo
417 1273 551 1324 strenue
560 1257 751 1324 laboremus
766 1279 912 1348 semper,
927 1274 966 1324 ut
979 1273 1037 1323 aut
1049 1254 1239 1326 Editionenr

188 1365 326 1457 reliquis
348 1365 522 1430 castiorem
543 1363 758 1444 adornemus,
781 1379 838 1429 aut
860 1388 946 1430 nova
967 1365 1119 1456 quaedam
1140 1366 1240 1434 adda·
1325 1439 1328 1444 ,

187 1495 279 1552 mus,
309 1471 430 1562 quibus
456 1487 490 1536 et
518 1471 750 1536 existimationi
774 1488 895 1538 nostrae
922 1489 956 1538 et
985 1474 1121 1539 Auctori
1150 1489 1241 1539 reete

190 1577 397 1657 consulatur,
416 1593 583 1643 consuetae
596 1577 631 1642 in
645 1577 751 1643 bonos
764 1579 946 1668 Scriptores
961 1601 1048 1644 curae
1063 1597 1183 1644 nostrae
1197 1601 1241 1645 ne

189 1705 279 1748 nunc
294 1681 431 1772 quidem
446 1681 623 1748 defuimus.
638 1683 713 1766 Quo
728 1683 818 1747 enim
831 1685 959 1748 auctior
973 1701 1006 1749 et
1022 1686 1169 1750 ornatior
1182 1686 1241 1750 fie-

189 1807 242 1854 ret
259 1789 346 1869 haec,
368 1812 467 1880 quam
486 1812 576 1855 nunc
596 1788 818 1879 publicamus,
840 1789 953 1856 Editio
971 1791 1075 1872 Flori,
1100 1794 1242 1858 Lucium

189 1895 379 1986 Ampelium
401 1895 599 1988 adjecimus;
624 1913 809 1976 auctorem,
839 1896 883 1961 ob
906 1919 974 1977 res,
1004 1921 1085 1988 quas
1101 1914 1241 1978 tractat,

189 2001 310 2081 varias,
324 1991 492 2090 vulgoque
502 2001 556 2066 vix
566 2003 728 2088 cognitas,
741 2024 811 2066 non
822 1999 1121 2067 contemnendum:
1135 2025 1243 2092 eoque

188 2109 292 2196 magis
311 2105 629 2186 commendandum,
655 2107 748 2196 quod
768 2129 809 2170 ex
825 2105 1029 2171 Bibliotheca
1047 2106 1244 2173 nobilissimi

189 2215 240 2287 Cl.
250 2216 423 2294 Satnasn,
439 2214 517 2293 viri,
536 2213 617 2280 dum
628 2216 770 2294 viveret,
787 2213 1068 2303 incomparabilis,
1085 2215 1119 2279 in
1133 2215 1244 2280 lucam

189 2322 389 2411 proferatur.
399 2323 540 2411 Propter
549 2319 745 2386 affinitatem
751 2343 834 2385 aero
844 2322 1040 2410 argumenti,
1053 2323 1131 2410 quia
1139 2321 1245 2386 multa

190 2425 234 2492 de
248 2425 405 2492 Romanis
421 2426 553 2514 attingit
568 2427 725 2514 negotiis,
746 2441 779 2490 et
795 2442 933 2515 propter
952 2425 1027 2517 styli
1043 2427 1244 2492 concinnita-

161 2557 163 2568 ’
189 2553 273 2619 tem,
288 2558 469 2625 rerumque
480 2535 566 2601 adeo
577 2534 811 2625 plurimarum,
826 2557 908 2625 quas
919 2532 1055 2599 aliunde
1065 2557 1134 2599 non
1145 2534 1244 2600 liceat

192 2667 337 2724 sumere,
357 2645 554 2723 novitatem,
576 2645 665 2709 visus
687 2661 737 2709 est
757 2641 911 2724 idoneus,
935 2643 993 2734 qui
1011 2643 1110 2708 Floro
1131 2664 1243 2708 comes

192 2750 385 2828 adderetur,
403 2766 503 2841 atque
521 2750 555 2814 in
575 2751 645 2841 ejus
663 2751 822 2816 comitatu
840 2750 950 2816 lucem
966 2747 1133 2838 publicam
1150 2771 1246 2814 usur-

191 2871 295 2944 paret.
322 2854 388 2921 Sed
404 2852 447 2919 de
464 2855 531 2920 hoc
549 2858 694 2921 Auctore
706 2854 873 2944 judicium
892 2853 1063 2920 clarissimi
1079 2854 1149 2918 Viri
1164 2851 1243 2919 San-

193 2976 301 3037 Masu,
314 2958 361 3022 ita
373 2955 580 3037 disserentis,
595 2957 777 3022 audiamus.

242 3064 348 3148 «Quis
364 3063 420 3128 ille
440 3062 556 3142 fuerit,
572 3085 640 3152 quo
656 3053 808 3150 tempore
825 3062 958 3142 vixerit,
976 3063 1070 3154 juxta
1087 3087 1142 3128 me
1162 3065 1244 3130 scire

194 3169 304 3237 dicam
322 3192 399 3236 cum
418 3167 650 3257 ignarissimis,
665 3169 694 3234 si
707 3167 790 3233 mihi
807 3169 940 3258 eripias,
961 3191 1038 3235 eum
1055 3191 1127 3236 osse
1144 3191 1244 3259 quem

195 3273 358 3365 suspicor,
374 3273 467 3365 cnjus
478 3275 632 3340 meminit
643 3272 798 3341 Sidonius
809 3273 1007 3364 Apollinaris
1021 3275 1057 3342 in
1070 3277 1245 3342 Excusatu-

194 3381 243 3447 ria
253 3380 298 3448 ad
310 3381 471 3460 Felicem,
488 3379 540 3445 his
553 3379 703 3446 versibus
716 3430 723 3442 .

336 3542 386 3597 Sed
399 3561 432 3595 ne
444 3555 474 3598 ta
482 3543 548 3597 mibi
557 3561 711 3618 comparare
722 3553 821 3612 tentes,

339 3623 416 3693 Quos
425 3623 509 3678 multo
519 3627 605 3678 minor
613 3627 671 3698 ipse
680 3625 741 3698 plus
751 3625 849 3692 adoro,

337 3703 499 3773 Paullinnm,
509 3706 726 3781 Ampeliumque,
737 3703 990 3780 symmachumque,

337 3785 480 3840 Messalam
490 3787 589 3857 ingenii
598 3788 661 3840 satia
670 3784 807 3858 profundi.

195 3928 361 3994 Recenset
382 3927 418 3992 in
442 3927 658 4018 sequentibus
679 3927 805 4017 plures,
828 3929 886 4019 qui
905 3928 991 3992 circa
1007 3925 1097 3991 illam
1118 3941 1247 3993 aetatem

196 4032 305 4114 fuere,
316 4033 404 4099 viros
414 4033 564 4124 ingenio,
576 4033 741 4112 doctrina,
753 4048 787 4098 et
797 4031 988 4122 eloquentia
996 4031 1154 4099 celebres.
1165 4031 1245 4112 Sed,

198 4159 256 4204 our
274 4138 330 4205 ille
348 4140 520 4230 Ampelius
538 4139 594 4206 bic
612 4156 725 4208 noster
743 4161 811 4205 non
831 4137 914 4204 erit?
934 4138 1046 4206 dices:
1070 4163 1144 4230 quae
1160 4138 1245 4204 ratio
