3108 4956
593 617 737 682 tinen
760 615 982 681 'rsnr1us
1242 611 1304 703 267

263 743 434 844 sudesque
444 759 481 816 et
489 739 953 842 suxauudiqueamoenibns
964 766 1004 813 ac
1013 739 1084 814 tela
1091 740 1304 838 jacerentur,

262 865 337 958 ipse
355 883 498 960 quoque
516 858 686 959 jaculatus
702 857 867 932 incendio
883 861 979 930 viam
994 856 1094 946 lecit,
1117 880 1306 955 arcemque

262 973 444 1073 Capitolii,
463 1001 542 1074 quae
557 978 699 1064 Poenos,
723 999 871 1074 qnaeque
892 970 1013 1044 Gallos
1028 976 1134 1044 etiam
1152 973 1307 1043 Senones

262 1107 435 1181 evaserat,
451 1093 550 1189 quasi
563 1093 755 1188 captivam,
772 1092 887 1160 victor
902 1085 1039 1158 insedit.
1056 1087 1150 1158 Turn
1167 1111 1208 1156 ex
1223 1110 1308 1157 con·
1341 1093 1357 1146 8

261 1201 352 1276 sulto
365 1220 504 1277 senatus
519 1203 724 1275 adversariis
738 1200 897 1275 hostibus
908 1198 1089 1298 judicatis,
1106 1204 1144 1270 in
1157 1222 1307 1296 praesen·

149 1347 152 1354 ’
260 1336 334 1390 tem
342 1297 1321 1415 Triliunum,aliosquediversaefactionisjuresaevitum'
1383 1318 1387 1328 '

262 1449 324 1507 est.
339 1436 494 1506 Marium
510 1433 642 1506 servilis
657 1432 742 1531 fuga
758 1436 902 1504 exemit:
921 1435 1032 1502 immo
1049 1429 1193 1502 fortune
1207 1425 1307 1500 alteri

261 1549 357 1624 bello
372 1553 573 1622 reservavit.
1283 1642 1287 1652 .

312 1665 478 1739 Cornelio
507 1668 635 1756 Cinna,
663 1668 768 1739 Cnseo
793 1666 944 1738 Octavio
971 1661 1186 1752 consulibus,
1215 1659 1307 1733 male
1342 1695 1359 1747 9

264 1777 432 1852 obrutum
444 1785 632 1852 resurrexit
645 1778 863 1869 incendium,
881 1769 1074 1877 etquidem
1090 1775 1134 1848 ab
1149 1780 1308 1874 ipsorum

263 1893 455 1985 discordia,
478 1921 590 1995 quum
612 1894 657 1968 de
679 1895 903 1984 revocandis,
924 1920 1013 1994 quos
1033 1908 1171 1966 senatus
1191 1890 1308 1965 hostes

257 2007 494 2108 judicaverat,
518 2008 564 2082 ed
588 2010 762 2110 populum
785 2010 987 2086 referretur.
1012 2011 1136 2081 Cincta
1161 2005 1307 2107 quidem
1328 2044 1359 2080 ιο

260 2123 386 2224 gladiis
401 2123 573 2198 concione
584 2124 670 2220 ,sed
681 2125 919 2215 vincentibus,
934 2122 1062 2224 quibus
1074 2147 1143 2222 pax
1158 2137 1194 2196 et
1210 2121 1307 2222 quies

199 2319 202 2326 ,
261 2243 397 2336 potior,
415 2237 587 2339 profugus
602 2245 718 2337 patria
732 2266 795 2312 sua
811 2243 925 2313 Cinna
942 2236 1102 2336 confugit
1117 2235 1305 2335 adportes.

261 2352 367 2426 Redit
387 2353 432 2426 ab
453 2352 572 2426 Africa
595 2357 728 2426 Murius
751 2353 852 2427 clade
875 2353 1010 2451 major,
1034 2351 1206 2450 siquidem
1233 2376 1307 2423 car·

261 2676 340 2731 quum
353 2661 454 2714 Servius
468 2662 626 2736 Sulpicius...
642 2663 763 2719 Dulcius
803 2667 910 2737 impune
919 2665 1009 2720 liceret
1020 2663 1062 2717 vel
1072 2662 1205 2729 occidere,
1219 2659 1306 2714 velud

261 2737 354 2791 suadet
366 2738 524 2806 inconsulto,
538 2741 672 2814 eiplicens
683 2758 763 2798 teme·
803 2745 925 2798 consules
934 2742 1038 2797 ducere.
1047 2745 1093 2796 En.
1102 2740 1307 2795 ninii-Pro-

261 2818 360 2870 rerium
371 2831 396 2870 et
405 2821 582 2872 inconsultum
593 2823 672 2874 fuisse
681 2820 764 2893 legio-
803 2836 899 2876 sentens
907 2821 1161 2882 minitenscilicet
1169 2819 1305 2872 tribunum

261 2893 340 2946 nibus
357 2895 473 2966 objicere
488 2912 606 2952 catervas
620 2899 764 2954 multitudi-
804 2902 957 2974 Sulpicium.

262 2975 304 3026 nis
321 2974 436 3028 urbane.
453 3007 488 3016 -
502 2979 632 3050 Sudesque
651 2991 676 3030 ct
693 2999 762 3034 soen.
839 2997 865 3050 9.
875 2982 916 3033 Ab
930 2984 1043 3054 ipsomm
1055 2979 1189 3042 discordia.
1203 2980 1307 3032 Consu·

261 3051 326 3106 Tela
339 3053 524 3120 tumultuaris,
540 3076 596 3127 quse
610 3055 674 3110 milii
686 3060 764 3110 etiem
804 3058 858 3110 lum
875 3059 982 3112 scilicet.
999 3060 1088 3126 Quum
1106 3055 1189 3122 alter,
1211 3075 1306 3127 nempe

261 3133 428 3203 conjunxisse
438 3133 541 3186 videtur
551 3135 691 3206 Virgilius,
704 3137 764 3190 AEn.
804 3139 900 3204 Chna,
917 3136 1018 3190 exsules
1034 3133 1197 3190 revocandos
1215 3147 1307 3188 cense-

261 3211 364 3280 1,154:
379 3215 511 3286 «Jamque
521 3215 592 3267 iaces
604 3229 630 3267 et
642 3232 705 3267 saxa
719 3234 764 3268 vo·
803 3231 856 3283 ret,
876 3216 943 3269 ulter
956 3236 1033 3282 sero,
1054 3234 1149 3286 nempe
1167 3217 1306 3280 Octavius,

263 3291 369 3346 alunt..
380 3315 391 3340 ι
402 3293 588 3347 -Jaculntm
600 3294 700 3348 Eadem
711 3295 765 3348 tela
803 3307 918 3366 negaret.
933 3294 986 3348 Alii
999 3293 1078 3346 eliam
1092 3293 1229 3346 discordie
1242 3291 1307 3344 dent

262 3371 399 3443 sudesque.
411 3374 560 3427 —Insedit
573 3376 694 3447 Optime,
709 3394 763 3428 non
804 3392 938 3442 caussam,
958 3375 1030 3447 quod
1044 3375 1129 3427 Cinna
1144 3385 1174 3426 ut
1189 3372 1239 3426 sibi
1256 3391 1307 3443 po-

261 3450 390 3518 incendit,
402 3465 432 3503 ut
444 3452 549 3523 quidam
559 3455 672 3526 pessime
682 3456 763 3506 corti·
803 3455 911 3510 tentiam
928 3455 1087 3522 adstrueret,
1103 3453 1182 3506 ltsliu
1196 3456 1265 3506 cives
1278 3451 1305 3505 in

260 3546 322 3599 gere
338 3526 456 3583 suadent.
473 3533 544 3603 Virg.
562 3534 620 3584 AEn.
638 3534 673 3596 ll,
693 3530 763 3585 615:
804 3555 894 3588 onmes
909 3535 994 3588 tribus
1011 3535 1111 3599 divisit,
1131 3550 1183 3605 que
1202 3533 1304 3584 ratione

264 3609 344 3660 niem
352 3627 466 3662 summas
476 3626 547 3664 arca
554 3612 676 3664 Tritonis
691 3611 763 3683 (res-
802 3613 899 3670 italicis
912 3615 971 3687 plus
983 3615 1119 3686 potestatis
1132 3612 1212 3676 debut
1223 3614 1250 3664 in
1261 3629 1306 3663 co-

263 3686 365 3758 spice)
383 3687 467 3741 Palles
481 3690 611 3744 Insedit.»
628 3691 721 3744 Florus
737 3706 763 3745 et
802 3696 881 3746 mitiis
900 3712 978 3765 quam
994 3693 1132 3758 Romanis,
1146 3692 1258 3763 ideoque
1271 3690 1305 3744 sb

259 3767 304 3832 IV,
322 3768 352 3831 8,
371 3785 400 3818 ss
419 3769 498 3819 utam
513 3783 538 3821 et
551 3769 634 3823 classe
647 3771 763 3824 medium
802 3769 1305 3842 Octaviocollegeurbepulsusfuit.En.

262 3845 530 3899 intremuisset*
802 3849 1108 3920 Duum-Referrctur.
1120 3849 1305 3903 Contreusuur

295 3927 321 3980 8.
336 3925 494 3980 Advemxtts
508 3927 620 3980 hostibus
627 3928 761 3999 judicatis.
803 3945 919 3983 veterum
932 3931 977 4001 qui
990 3929 1096 3994 dicunt,
1111 3929 1205 3999 referre
1217 3928 1251 3981 sd
1262 3949 1304 3982 se-

260 4001 420 4058 Adsersstiis
437 4003 519 4078 Syllae.
541 4007 594 4073 Qui
610 4018 703 4058 contra
716 4025 763 4078 pa·
803 4021 910 4074 netum,
922 4007 996 4076 ferre
1008 4003 1041 4058 ad
1053 4003 1199 4078 populum:
1215 4025 1305 4079 quem

260 4085 335 4135 trium
353 4101 426 4136 erma
440 4085 584 4155 cepissent,
601 4083 671 4136 vele
686 4103 763 4156 repu·
803 4086 893 4138 obrem
909 4083 1016 4157 quidem
1035 4089 1171 4156 corrigunt
1180 4085 1301 4158 ferrenis.

260 4161 329 4216 blica
337 4163 507 4232 defecissent,
519 4162 559 4216 vel
568 4181 649 4217 noves
659 4183 700 4217 res
709 4183 762 4217 mo·
841 4183 880 4220 so.
890 4166 986 4236 Quibus
992 4184 1074 4237 pax...
1082 4167 1177 4239 potior.
1187 4167 1304 4238 Nempe,

259 4241 298 4295 liti
308 4257 407 4311 essent,
422 4264 468 4298 eos
482 4247 562 4298 moris
572 4257 640 4305 eret,
652 4245 733 4298 hostes
746 4263 762 4296 e
800 4247 832 4298 iis
844 4248 889 4318 qui
901 4245 1002 4299 exsules
1016 4245 1179 4300 revocandos
1189 4263 1303 4317 negave-

261 4335 352 4376 seuetu
367 4323 495 4394 judicari,
511 4325 547 4376 itu
566 4337 595 4376 ut
613 4325 694 4378 cuivis
716 4343 762 4379 eos
801 4338 867 4378 rent.
884 4355 920 4368 ·-
932 4325 974 4378 Ad
984 4339 1077 4398 partes.
1092 4328 1178 4379 Marii.
1191 4355 1225 4368 -—
1242 4328 1303 4378 Gai*-
