3156 4950
516 475 661 584 mann
683 472 907 541 TERTIUS.
1169 475 1234 541 223

190 619 327 706 gentes,
338 617 455 675 totum
466 627 567 700 pase
576 601 763 673 Orientem
773 621 815 670 nc
824 598 1122 695 Septentrionem
1131 602 1235 672 ruins

191 747 255 794 sua
269 717 429 793 involuit.
446 717 557 808 Iberi,
574 719 710 816 Caspii,
728 713 872 803 Albani,
890 729 926 784 et
940 727 1098 814 utraeque
1119 713 1237 812 solici-¹

191 835 560 922 uhanturhrrucniae3
572 855 710 931 perque
720 833 842 902 omnia
852 843 889 900 et
900 827 1023 918 decus,
1039 845 1074 900 et
1087 853 1234 918 nomen,

154 1023 158 1030 .
194 969 230 1025 et
248 947 369 1025 titulos
391 950 564 1048 Pompeio
586 973 650 1020 suo
673 945 818 1022 formna
841 944 1031 1044 quaerehat.
1055 947 1151 1037 Qui,
1173 945 1234 1018 ubi
1255 985 1288 1021 ιι

194 1071 293 1140 novis
315 1065 471 1142 motibus
492 1063 618 1138 ardere
638 1063 758 1136 Asiam
780 1057 894 1152 videt,
919 1059 1076 1160 aliosque
1096 1087 1139 1134 ex
1162 1061 1236 1134 aliis

194 1179 340 1280 prodire
367 1203 482 1281 reges,
508 1176 598 1250 nihil
622 1174 864 1250 cunctandum
889 1189 1005 1263 retus,
1032 1179 1237 1274 priusquam

195 1299 288 1370 inter
302 1321 340 1370 se
353 1300 512 1394 gentium
525 1291 658 1366 robore
674 1296 827 1380 coirent,
842 1295 959 1363 statim
970 1306 1081 1388 ponte
1091 1290 1241 1363 naribus

195 1407 309 1502 facto,
327 1414 489 1482 omnium
500 1425 581 1480 ante
595 1433 631 1479 se
644 1410 780 1505 primus
791 1408 916 1477 transit
928 1403 1165 1503 Euphratem
1181 1431 1240 1477 rc-

196 1553 350 1626 gemque
365 1525 560 1624 fugientem
571 1521 691 1595 media
706 1535 829 1594 nactus
842 1521 1010 1594 Armenia
1026 1521 1176 1621 (quanta
1186 1518 1241 1592 fe-

196 1639 309 1713 licitas
323 1643 390 1712 viri
399 1637 427 1734 i)
442 1664 514 1710 uno
526 1635 649 1738 praelio
663 1634 828 1709 confecit.
841 1637 1024 1709 Nocturna
1036 1662 1078 1709 ea
1090 1636 1241 1709 dimica-
1261 1664 1297 1715 23

196 1759 249 1827 tio
258 1753 340 1842 fuit,
354 1751 483 1826 etluna
494 1751 700 1854 inpartibus
712 1779 719 1823 :
734 1755 867 1851 quippe
881 1757 980 1853 quasi
989 1752 1241 1842 commilitans,

200 1895 343 1970 quuma
355 1885 456 1970 tergo
468 1896 505 1943 se
516 1868 692 1959 hostibus,
705 1868 828 1942 afacie
840 1873 1008 1942 Romanis
1021 1867 1244 1969 praebuisset,

198 1989 338 2061 Pontici
360 2014 426 2089 per
450 2001 609 2062 errorem
633 1987 771 2090 longius
795 1985 961 2060 cadentes
980 1985 1125 2058 umbras
1146 2011 1244 2074 suas,

202 2105 300 2203 qussi
315 2099 473 2177 hostium
486 2130 656 2202 corpora,
672 2099 853 2202 petebant.
865 2101 911 2171 Et
923 2099 1149 2172 Mithridates
1164 2101 1245 2198 qui-
1265 2127 1298 2193 ιι

204 2216 286 2291 dem
296 2235 402 2320 nocte
414 2217 474 2292 illa
486 2217 682 2293 debellatus
695 2235 762 2309 cst;
776 2213 866 2289 nihil
875 2219 970 2288 enim
984 2231 1109 2314 postea
1120 2212 1247 2306 veluit,

204 2317 421 2434 quamquam
437 2339 558 2408 omnia
572 2351 754 2432 expertus,
765 2357 867 2406 more
881 2335 1064 2432 anguium,
1083 2335 1163 2430 qui,
1182 2330 1249 2404 ob-

204 2528 315 2596 minte,
325 2546 426 2582 comme
434 2527 577 2602 Philippo,
586 2529 709 2581 Pontus
748 2547 808 2582 cere
818 2525 932 2580 voluisse
947 2527 1102 2600 Pompeium
1116 2527 1250 2579 Romano-

206 2607 707 2684 Jugurthmmaisunroimoqnanime,
749 2625 809 2660 rum
826 2607 1017 2679 imperatorum
1034 2607 1150 2680 primum
1168 2609 1250 2660 fuisse

206 2689 252 2758 qui
269 2689 334 2740 done
351 2689 387 2742 ies
403 2689 552 2754 adversites,
573 2690 610 2742 tel
625 2688 709 2762 qu'urs
751 2691 796 2759 qui
815 2686 980 2758 Euphratem
997 2688 1149 2751 transierit,
1167 2701 1251 2758 ponte

208 2767 264 2818 lion
275 2768 322 2839 qui
336 2769 441 2841 reqardt
453 2785 490 2822 ses
502 2769 633 2836 blessures,
649 2768 709 2821 rt'en
750 2767 862 2820 natibus
880 2767 968 2820 fecto:
991 2764 1064 2840 quod
1083 2764 1188 2838 quidem
1206 2785 1252 2818 ve·

208 2843 272 2919 Atqs't
284 2857 333 2914 que
344 2845 404 2914 plus
417 2846 532 2920 indique.
544 2869 556 2894 ι
574 2850 710 2914 renero,
751 2864 811 2900 rum
823 2861 871 2899 est.

210 2919 297 2989 Espn't
315 2921 347 2971 de
367 2919 518 2988 l’Hirroire,
539 2925 623 2976 Leros
643 2925 710 2979 XV:
789 2927 830 2978 23.
850 2924 876 2978 Α
888 2935 958 2998 terqo
971 2941 997 2978 se
1011 2925 1137 2991 hostibus,
1153 2945 1170 2975 a
1180 2923 1255 2998 facie

214 2999 280 3053 ιθιι
297 3008 411 3053 morsm
427 3002 492 3055 siuns
507 2963 586 3054 iamt
601 3003 670 3058 seete
681 3004 715 3055 de
752 3003 889 3068 Romanis,
901 3017 953 3056 etc.
960 3001 1079 3074 lipsius,
1090 3016 1117 3055 et
1124 3015 1254 3074 posteum

211 3077 366 3133 Hidrridnte
380 3091 438 3133 tout
452 3097 481 3134 ee
492 3081 572 3153 qu'ors
584 3101 602 3133 a
614 3080 717 3134 admirl
754 3083 799 3136 stit
814 3095 908 3154 optant
923 3081 1046 3134 rescribi:
1064 3101 1145 3174 qutun
1158 3104 1175 3134 a
1183 3081 1257 3154 facie

211 3159 276 3212 tans
293 3158 318 3210 lt
334 3159 409 3212 shut
424 3161 498 3232 aptet
515 3157 543 3211 la
560 3157 667 3212 bntaille
683 3161 715 3211 de
755 3163 881 3228 touton,
898 3182 914 3214 a
929 3173 998 3236 terqo
1014 3157 1139 3217 Romanis
1152 3181 1177 3216 se
1187 3181 1257 3235 proe·

214 3241 345 3294 Cannu.-
755 3243 853 3297 buisset.
864 3243 898 3296 Ει
906 3239 969 3294 huic
981 3239 1087 3316 quidem
1099 3241 1208 3295 lectioni
1219 3241 1257 3294 ia·

249 3319 716 3394 21.Ponprtosu01toruma.stsno
754 3335 798 3377 ιιι
807 3319 1065 3376 Plutarchnsinvita
1076 3321 1257 3393 Pompeiitra·

214 3418 297 3454 conns
303 3403 376 3468 vrit,
387 3402 454 3472 730:
468 3403 645 3474 sPornpeins,
654 3403 716 3454 For·
756 3403 834 3470 dens,
843 3401 978 3454 Romanos
985 3413 1041 3454 tum
1048 3403 1076 3454 in
1083 3401 1188 3454 hostem
1198 3420 1260 3454 eun·

218 3491 317 3546 ιιιιιι,
329 3493 399 3532 tuus.
408 3519 413 3531 .
422 3519 442 3534 ..
453 3503 466 3529 s
756 3497 796 3535 tes
810 3478 900 3534 lunum
913 3497 929 3534 a
943 3492 1016 3553 tergo
1030 3479 1171 3548 habuisse,
1187 3501 1259 3535 eam-

253 3577 294 3612 ιι.
314 3561 419 3614 Primus
436 3565 528 3616 transit
544 3562 715 3636 Euphratem.
758 3577 810 3634 que
825 3561 881 3632 jum
897 3562 1004 3614 occasui
1021 3565 1176 3634 proximam.
1197 3561 1259 3632 Quo

216 3634 717 3712 ffiofallinrrFlorus,inquitDukerus,
758 3637 1262 3713 iactum,utumbraeiongiusexcurre-

217 3734 279 3768 nant
294 3713 458 3788 Baphrotem
472 3721 572 3788 primns
583 3719 720 3772 Rornano-
759 3733 834 3786 rent,
849 3715 993 3794 hostesque
1009 3719 1177 3773 intervallum
1192 3721 1263 3773 acie·

219 3815 277 3850 turn
288 3799 390 3851 transiit
399 3795 541 3865 lncussus,
553 3815 635 3869 qunrn
646 3799 720 3852 hunc
759 3813 818 3851 rnrn
829 3812 957 3872 qnantum
967 3811 1049 3864 esset,
1060 3816 1143 3872 quum
1154 3817 1263 3852 cernere

219 3878 307 3950 ipsun
327 3876 509 3931 Mithridatem
527 3878 721 3949 insequeretur,
760 3895 814 3930 non
833 3891 957 3949 possent,
973 3875 1054 3929 veluti
1071 3880 1190 3930 cominus
1206 3881 1263 3950 jain

221 3974 266 4027 qur
258 3956 722 4028 'ingeratudTiqrunenrinArme-
762 3959 909 4029 congressis
930 3955 1074 4025 Romanis,
1093 3955 1145 4011 teia
1165 3959 1265 4012 frustra

220 4037 291 4088 siam
292 4035 722 4108 ,utexplicati’lutarohnsinvita
763 4035 913 4090 emitterent
919 4054 1195 4112 ,nequaquemquam
1207 4054 1265 4093 tan-

221 4111 511 4170 temtationem
523 4115 630 4168 Horum
645 4133 723 4168 excu-
762 4129 863 4190 gerent
876 4113 927 4170 Sed
937 4115 964 4170 id
976 4117 1088 4173 fortasse
1100 4117 1176 4174 aliter
1185 4117 1266 4173 tredi-

169 4201 174 4216 ’
225 4207 263 4246 stt
273 4191 438 4249 contendens
449 4195 558 4268 quidem
567 4193 675 4249 ntorum
685 4193 723 4249 di·
763 4193 836 4264 dere,
848 4211 915 4267 quos
924 4191 1018 4249 Florus
1029 4210 1152 4252 auctores
1161 4195 1263 4252 habuit.
