3108 4956
346 528 409 594 352
684 525 820 590 LUCII
844 521 1053 588 AMPELH

346 648 495 749 duplex,
517 673 625 748 quem
645 647 776 720 Medea
797 645 964 720 aedificari
982 649 1173 745 imperasse
1193 641 1316 716 fertur.
1340 642 1398 715 lbi

346 771 442 866 picta
453 783 533 838 sunt
547 763 787 864 gubernacula
796 765 1097 863 Argonautarum,
1112 786 1192 860 quae
1204 778 1322 859 coepta
1334 785 1398 831 na·

347 887 412 972 vis;
427 883 476 955 ibi
487 885 583 954 Jovis
598 879 772 980 templum
785 876 1010 979 ³Hyphonis,
1025 878 1120 951 uude
1137 893 1189 950 est
1202 875 1249 949 ad
1261 875 1399 950 inl'eros

346 996 533 1072 descensus
545 996 591 1070 ad
604 997 778 1070 tollendas
790 1013 911 1070 sortes.
929 998 970 1068 In
982 1019 1053 1095 quo
1068 993 1150 1066 loco
1167 993 1304 1084 dicunt,
1321 992 1398 1064 duo

346 1117 408 1214 qui
436 1111 715 1203 descendenmt,
747 1116 876 1186 Jovem
911 1115 1028 1210 ipsum
1061 1108 1195 1181 videre.
1230 1105 1398 1180 Leucade

346 1253 467 1318 mons;
496 1228 592 1302 unde
619 1257 656 1302 se
681 1227 827 1329 Sappho
855 1227 984 1327 dejecit
1011 1241 1161 1326 propter
1190 1227 1326 1296 virum:
1358 1229 1399 1295 in

345 1369 486 1416 summo
499 1361 622 1417 monte
636 1341 760 1426 fanum
771 1359 822 1415 est
831 1339 1020 1442 Apollinis,
1034 1340 1096 1412 ubi
1110 1365 1209 1412 sacra
1219 1339 1321 1410 fiunt.
1333 1339 1397 1428 Et,

346 1483 458 1557 quum
466 1454 577 1531 homo
587 1457 671 1530 inde
683 1456 836 1548 desiluit,
849 1461 967 1530 statim
979 1459 1152 1554 excipitur
1161 1453 1333 1526 lintribus.
1345 1455 1397 1524 Si-

336 1597 462 1672 cyone
475 1577 511 1646 in
524 1572 675 1664 Achaia,
690 1579 727 1646 iu
743 1574 824 1646 loro
839 1574 931 1647 aedes
946 1567 1118 1672 Apollinis
1133 1588 1194 1644 est.
1207 1574 1249 1644 ln
1262 1598 1304 1644 ca
1317 1587 1399 1644 sunt

347 1691 464 1785 posita
493 1689 768 1788 Agamemnonis
803 1688 948 1789 clypeus
981 1704 1016 1760 et
1051 1685 1238 1760 maehaera.
1264 1685 1399 1785 Ulyssis

348 1799 508 1902 chlamys
521 1820 557 1875 et
566 1800 785 1893 thoracium,
797 1807 928 1876 Teucri
938 1806 1070 1903 sagittae
1083 1819 1118 1874 et
1130 1827 1247 1890 arcus,
1256 1799 1398 1872 Adrasti

349 1941 446 2010 arca,
464 1945 572 2018 quam
587 1918 790 2019 ⁴deposuit,
808 1925 844 1992 in
861 1947 932 2021 qua
946 1919 1034 2021 quid
1047 1923 1106 2009 sit,
1121 1899 1319 2018 ignoratur;
1334 1914 1399 1988 sed

349 2050 384 2106 et
397 2033 468 2107 olla
481 2063 572 2108 aerea
584 2040 620 2108 in
635 2063 707 2136 qua
720 2036 832 2109 Pelias
846 2055 967 2110 coctus
982 2036 1121 2110 dicitur.
1139 2038 1229 2107 Item
1244 2033 1399 2106 Palame-

349 2149 403 2222 dis
422 2147 569 2224 cithara.
593 2155 701 2225 Marti
718 2171 838 2226 autem
859 2180 1002 2254 quoque
1024 2157 1161 2225 corium
1178 2155 1267 2224 remi
1287 2153 1399 2249 Argo·

349 2287 554 2361 nautarum,
567 2289 603 2344 et
614 2270 846 2370 gubernaculi
858 2269 1022 2359 brachia,
1036 2267 1201 2342 cauculus
1215 2293 1320 2367 quern
1333 2269 1397 2337 Mi·

349 2409 459 2460 nerva
473 2391 596 2462 sortita
608 2406 669 2461 est.
686 2389 739 2461 De
752 2389 889 2462 Orestae
903 2392 1039 2461 cervice
1052 2413 1123 2460 una
1137 2391 1242 2486 proni
1255 2387 1398 2484 parasiti

349 2500 444 2600 pella
458 2499 609 2603 pendet;
626 2505 777 2606 quamsi
793 2508 871 2604 quis
886 2502 997 2576 halitu
1011 2502 1200 2594 afflaverit,
1218 2518 1293 2574 tota
1303 2515 1398 2600 pate·

350 2616 401 2690 fit.
419 2617 607 2719 Penelopae
627 2619 713 2710 tela;
729 2619 799 2692 ⁵ihi
816 2618 862 2692 de
880 2637 975 2693 terra
993 2619 1113 2692 oleum
1128 2622 1284 2691 scaturit.
1299 2615 1398 2714 Argis

350 2730 503 2806 Inachiae
522 2734 671 2806 Junouis
693 2732 870 2831 templum
891 2733 1080 2833 magnifice
1097 2749 1284 2821 ornatum,
1302 2727 1399 2830 quod

350 2847 497 2949 Asylum
515 2865 652 2920 vocant.
674 2847 853 2949 Olympiae
871 2848 1045 2948 templum
1065 2849 1163 2920 Jovis
1178 2845 1318 2936 nobile;
1337 2843 1398 2918 ubi

350 2963 490 3040 athleta
510 2971 703 3040 initiantur.
722 2967 897 3041 Corintho
919 2967 1063 3041 balaenae
1087 2983 1184 3039 costa
1203 2982 1254 3039 est
1273 2989 1399 3064 magna

351 3078 547 3153 secundum
567 3105 682 3173 mare,
705 3109 814 3183 quam
834 3080 945 3154 homo
968 3079 1160 3181 complecti
1183 3107 1255 3155 nou
1274 3095 1396 3180 potest.

351 3192 490 3268 Eodem
502 3200 539 3267 in
555 3195 637 3272 loco
655 3195 779 3270 fanum
792 3214 844 3271 est
860 3201 1025 3287 Veneris;
1040 3203 1163 3298 inquo
1175 3223 1236 3268 vas
1249 3220 1399 3267 marmo·
1520 3205 1521 3234 ¹

351 3337 452 3382 reum
466 3313 607 3386 Laidos.
623 3315 769 3388 Boeotiae
783 3314 879 3388 lacus
893 3341 1006 3406 sacer3
1019 3315 1082 3389 ubi
1096 3313 1331 3414 Amphiaraus
1344 3311 1398 3386 de

352 3443 496 3498 voratus
512 3429 549 3501 iu
569 3455 611 3502 eo
630 3427 711 3502 lacu
730 3447 791 3504 est.
814 3434 950 3506 Urceus
966 3432 1083 3505 fictilis
1101 3431 1233 3504 fractus
1251 3429 1398 3528 pendet,

351 3557 441 3614 testa
453 3545 545 3615 inter
556 3569 592 3615 se
605 3550 820 3644 composita,
832 3547 929 3620 unde
943 3563 1063 3620 autem
1072 3545 1244 3647 pendeat,
1254 3571 1327 3617 non
1340 3569 1399 3642 ap·

351 3672 470 3756 paret,
484 3662 551 3731 nisi
572 3686 593 3732 a
612 3676 719 3733 vento
738 3681 935 3736 moveatur.
958 3663 1105 3736 Athenis
1120 3665 1291 3736 Minervas
1311 3659 1399 3732 aedes

387 3844 412 3897 3.
425 3845 573 3920 llyplrouir¹
586 3847 801 3904 subhastatae
812 3871 859 3906 no·
898 3852 998 3916 CLXV,
1019 3871 1082 3905 mox
1099 3854 1225 3922 diarryoe,
1245 3867 1294 3923 pro
1312 3849 1397 3900 Mani.

337 3942 414 3986 ,meu
428 3925 573 4001 Trophonii
585 3933 736 4004 suspicatur
746 3931 858 3986 Ouden—
897 3931 1000 3984 Deinde
1020 3934 1081 3986 Ossa
1097 3931 1129 3983 de
1144 3932 1239 3984 Orestoe
1251 3929 1361 3989 emices
1375 3941 1399 3977 et

351 3999 429 4074 dorp·
444 4006 479 4058 ud
490 4005 590 4082 Obseq.
606 4029 664 4082 cap.
678 4011 732 4066 CX.
898 4014 967 4065 infra
979 4014 1144 4068 Perizoniuss
1158 4009 1312 4076 «calculus,
1326 4025 1399 4082 quem

387 4083 412 4150 d.
437 4111 438 4114 ¹
508 4089 569 4142 suit.
591 4090 716 4143 Heinsius
738 4091 857 4164 legebat,
897 4094 1014 4146 runem
1029 4089 1369 4145 «soniraestdeomoo

355 4178 457 4232 squam
506 4163 571 4216 eden
591 4165 747 4238 deposuit.»
771 4169 858 4224 idem·
934 4172 1058 4224 Attide
1075 4184 1149 4223 term.
1168 4171 1266 4222 [didm
1281 4169 1398 4221 elatem.

352 4258 419 4314 que,
436 4254 462 4294 et
480 4243 618 4296 Muuclrer.
633 4246 666 4296 ad
684 4250 777 4318 Hygia.
792 4249 855 4302 Fah.
899 4253 988 4304 lleins.
