3108 4956
340 539 403 618 3¹4
663 537 700 600 n.
724 535 886 599 auum
909 530 1057 598 raom

337 664 394 737 tbi
402 663 504 738 clade
518 665 703 738 Crassiana
717 660 818 734 altius
832 664 969 734 animos
984 676 1184 750 erexerant3
1195 661 1384 763 civilesque

337 779 463 882 populi
479 782 630 855 Romani
646 776 843 852 discordias
856 776 929 850 laeu·
945 794 1174 876 acceperant:
1193 782 1331 878 itaque,
1345 798 1385 853 nt

338 902 455 998 prima
475 895 610 970 affulsit
629 899 785 988 occasio,
808 921 882 967 non
902 892 1154 968 dubitaverunt
1176 919 1383 994 erumpere,

305 1027 322 1093 t
338 1013 432 1107 ultro
452 1014 598 1114 quidem
616 1016 788 1086 invitante
803 1009 979 1103 Labieno,
994 1016 1072 1110 qui,
1090 1015 1216 1085 missus
1230 1037 1251 1084 a
1264 1015 1384 1086 Cassio

225 1135 229 1146 '
338 1132 534 1229 Brutoque,
552 1133 647 1230 (quis
666 1127 769 1202 furor
787 1125 996 1222 sceleruml)
1014 1126 1250 1202 solicitaverat
1267 1126 1385 1202 hostes

337 1251 375 1318 in
391 1243 577 1334 auxilium3
597 1261 633 1319 et
649 1243 717 1334 illi,
731 1246 867 1317 Pacoro
883 1241 991 1333 duce,
1007 1248 1107 1343 regio
1124 1244 1269 1343 juvene,
1285 1243 1385 1316 dissi-

305 1380 321 1433 5
337 1377 426 1459 pant
444 1365 645 1434 Antoniana
661 1358 836 1459 praesidia.
857 1362 947 1432 Saxa
961 1358 1113 1459 legatus,
1130 1386 1176 1432 ne
1196 1364 1332 1433 veniret
1348 1364 1385 1432 in

337 1491 566 1573 potestatem,
584 1501 605 1548 a
620 1473 738 1575 gladio
759 1501 822 1547 suo
841 1477 1055 1573 impetravit.
1075 1477 1253 1572 Denique,
1270 1472 1385 1546 ablata

338 1589 457 1688 Syria,
484 1588 673 1662 emanabat
694 1585 797 1660 latius
820 1585 973 1678 malum,
997 1585 1156 1661 hostibus
1179 1587 1244 1660 sub
1268 1586 1386 1660 auxilii

339 1707 458 1801 specie
471 1703 538 1776 sibi
553 1701 794 1792 vincentibus,
812 1706 878 1774 nisi
894 1701 1096 1792 Ventidius,
1117 1718 1153 1774 et
1172 1699 1231 1774 hic
1253 1701 1385 1801 legatus

307 1883 309 1890 .
338 1820 499 1906 Antonii,
510 1815 711 1890 incredibili
722 1814 889 1889 felicitate
904 1833 939 1889 et
948 1814 1097 1888 Labieni
1110 1819 1246 1914 copias,
1259 1819 1386 1914 ipsum·

340 1959 410 2034 que
427 1937 619 2022 Pacorum,
639 1951 675 2007 et
694 1959 837 2014 omnem
856 1930 1060 2006 Parthicum
1080 1935 1289 2032 equitatum,
1309 1949 1385 2005 toto

305 2055 432 2123 6inter
444 2051 621 2126 Orontem
640 2066 676 2123 et
692 2047 914 2147 Euphratem
932 2051 1010 2120 sinu
1028 2044 1099 2120 late
1118 2045 1308 2120 cecidisset.
1323 2050 1388 2119 Vi·

271 2242 277 2254 ,
339 2169 426 2266 giuti
439 2164 589 2264 amplius
598 2164 749 2238 millium
760 2163 845 2236 fuit:
859 2189 925 2236 nec
936 2167 1010 2236 sine
1020 2160 1167 2235 consilio
1180 2160 1295 2252 ducis,
1306 2165 1384 2260 qui,

340 2278 503 2366 simulato
518 2299 632 2370 metu,
652 2280 742 2354 adeo
761 2305 881 2378 passus
902 2295 954 2352 est
972 2278 1111 2350 hostem
1130 2282 1251 2350 castris
1268 2301 1388 2350 succe-

341 2392 442 2484 dere,
455 2393 586 2484 donec,
598 2393 761 2468 absumto
769 2393 886 2494 jactus
898 2397 1031 2493 spatio,
1042 2392 1215 2466 adimeret
1225 2417 1329 2464 usum
1340 2417 1387 2463 sa-

310 2511 518 2606 Jgittarum.
538 2513 613 2582 Rex
629 2509 817 2584 fortissime
837 2509 1008 2581 dimicans
1028 2508 1175 2582 cecidit:
1196 2533 1297 2596 mox,
1313 2512 1387 2579 cir-

341 2622 495 2696 cumlato
505 2624 579 2724 ejus
589 2651 657 2724 per
664 2625 787 2714 urbes,
798 2651 878 2725 quae
888 2624 1124 2716 desciverant,
1137 2627 1269 2723 capite,
1284 2624 1387 2722 Syria

341 2745 415 2815 sine
426 2739 521 2815 bello
531 2759 685 2844 recepta.
700 2744 756 2816 stc
767 2745 989 2818 Crassianam
1001 2743 1141 2818 cladem
1151 2746 1277 2816 Pacori
1289 2741 1387 2816 caede

341 2883 575 2956 pensavrmus.

377 3045 401 3098 5.
420 3045 500 3099 Saxa.
520 3047 630 3098 Antonii
648 3045 750 3116 legatus
767 3047 844 3100 Deci·
883 3048 931 3099 llic
946 3046 1076 3100 obscurus
1090 3047 1172 3098 nimia
1187 3046 1314 3098 brevitate
1326 3043 1386 3095 Flo·
1412 3047 1414 3050 ’

340 3125 399 3180 diua
407 3125 472 3178 Saxa
480 3125 746 3178 vocabatur—Sibi.
755 3124 783 3176 ld
793 3138 843 3191 est,
883 3143 935 3178 rus.
955 3127 989 3177 Et
1006 3125 1068 3179 binc
1084 3127 1164 3178 etiam
1180 3125 1272 3178 forsan
1289 3121 1387 3195 aliquid

340 3225 390 3278 pro
411 3203 524 3258 utilitate
545 3224 606 3273 sua,
627 3223 678 3258 non
698 3224 749 3277 pro
771 3207 844 3258 Bruti
884 3217 931 3258 aut
953 3217 1028 3274 atas,
1050 3218 1097 3257 aut
1116 3207 1220 3258 incuria
1239 3203 1384 3257 abstulerit.

341 3283 476 3355 Cassiique
487 3282 618 3355 partibus.
633 3313 669 3324 -
684 3286 721 3336 Et
732 3284 781 3336 laic.
796 3284 845 3337 Al·
884 3283 982 3338 Sensus
992 3285 1049 3338 sina
1057 3282 1141 3336 dubio
1151 3283 1205 3337 boc
1216 3282 1276 3336 looo
1288 3281 1386 3336 iutelli-

342 3373 391 3414 ter.
403 3387 439 3400 -
453 3361 585 3414 Orontem.
596 3360 673 3434 Syriae
685 3361 803 3415 fluvium.
885 3363 987 3436 gendos
993 3361 1386 3436 eat2Vi'5intiampliusmillium

376 3438 402 3492 6.
419 3439 520 3513 Viqiaai
531 3439 644 3512 amplius
655 3439 771 3494 millium
778 3443 845 3516 fuit.
887 3463 918 3498 aa
930 3442 1020 3498 clades
1035 3445 1094 3498 fuit.
