3108 4956
314 551 377 618 316
639 551 675 613 L.
700 549 861 612 ANNAEI
884 547 1032 614 FLOR!

312 675 421 748 fessos
435 677 491 745 via
507 671 572 744 sub
587 697 750 772 vespere,
765 669 861 744 velut
878 669 1035 768 nimbus,
1049 675 1183 772 erupit;
1196 688 1232 746 ct
1249 677 1361 745 missis

312 775 470 889 undique
481 791 613 888 sagittis
630 786 717 860 duas
732 784 888 885 legiones
905 802 1134 884 operuerunt.

278 911 295 978 4
360 903 457 978 Nihil
481 902 661 977 acciderat
680 907 717 974 in
742 907 1048 1002 comparationem
1070 900 1198 993 cladis,
1222 928 1300 1002 quae
1323 907 1361 976 in

310 1037 494 1120 posterum
522 1020 618 1093 diem
642 1018 867 1109 imminebat,
893 1021 960 1090 nisi
987 1023 1230 1092 intervenisset
1252 1017 1360 1091 deum

311 1141 501 1211 miseratio.
520 1137 620 1208 Unus
638 1162 679 1208 ex
698 1133 800 1208 clade
814 1136 1015 1224 Crassiana,
1034 1132 1200 1208 Parthico
1218 1131 1359 1225 habitu,

311 1258 431 1326 castris
448 1251 647 1353 adequitat3
666 1267 718 1344 et,
734 1249 845 1324 salute
861 1253 988 1323 Latine
1007 1249 1107 1340 data,
1123 1275 1234 1348 quum
1251 1248 1360 1322 fidem

278 1387 294 1440 5
311 1397 353 1442 eo
369 1375 446 1469 ipso
459 1368 614 1459 fecisset,
627 1367 714 1468 quid
731 1372 950 1457 immineret,
966 1365 1128 1440 edocuit:
1147 1365 1248 1467 ajam
1262 1366 1359 1438 adfir-

314 1521 329 1552 ιι
342 1503 463 1560 turum
475 1512 558 1558 cum
570 1484 733 1558 omnibus
749 1489 861 1583 copiis
872 1511 1014 1583 regem:
1030 1489 1123 1556 irent
1133 1499 1249 1574 retro,
1261 1500 1360 1582 pete-

313 1637 328 1668 α
342 1619 491 1702 rentque
505 1617 664 1674 montes:
680 1605 730 1674 sie
747 1626 890 1700 quoque
905 1598 1046 1673 hostem
1057 1598 1206 1672 fortasse
1218 1625 1291 1670 non
1304 1597 1360 1672 de-

313 1717 431 1791 oefore.
446 1751 460 1782 υ
476 1720 592 1818 Atque
608 1723 657 1790 ita
668 1734 789 1790 secuta
801 1735 852 1790 est
868 1721 986 1789 minor
1002 1721 1053 1788 vis
1066 1715 1237 1806 hostium,
1252 1741 1359 1814 quam

274 1831 529 1905 6imminehat.
551 1831 676 1906 Adfuit
698 1847 842 1904 tamen:
864 1830 1061 1931 deletaeque
1084 1829 1230 1930 reliquae
1246 1835 1357 1929 copiae

307 1949 441 2039 forent,
459 1953 525 2022 nisi
536 1947 744 2048 urgentibus
760 1948 837 2021 telis
853 1953 889 2020 in
901 1948 1051 2021 modum
1063 1946 1260 2048 grandinis,
1275 1974 1357 2046 qua·

308 2064 392 2139 dam
406 2083 516 2156 sorte,
537 2070 638 2167 quasi
657 2065 770 2157 docti,
791 2065 1064 2166 procubuissent
1079 2070 1116 2136 in
1134 2090 1251 2166 genua
1263 2063 1357 2137 mili-

307 2195 375 2269 tes,
398 2196 448 2270 et,
471 2178 569 2253 elatis
591 2206 699 2280 super
721 2184 839 2280 capita
864 2185 986 2270 scutis,
1009 2207 1179 2253 caesoruru
1203 2184 1355 2279 speciem

275 2328 290 2381 7
307 2294 546 2394 prebuissent.
560 2298 654 2368 Tum
668 2293 817 2370 Parthus
835 2323 936 2370 arcus
949 2294 1113 2368 inhibuit.
1129 2295 1267 2368 Deinde
1283 2298 1356 2367 Ro-

307 2413 404 2482 mani
425 2437 535 2510 quum
554 2437 590 2484 se
609 2439 727 2484 rursus
750 2411 969 2503 extulissent,
995 2410 1085 2485 adeo
1110 2437 1165 2484 res
1186 2408 1355 2483 miraculo

307 2523 390 2616 fuit,
408 2540 448 2597 ut
458 2553 548 2599 unus
560 2553 602 2600 ex
614 2527 774 2602 barbaris
790 2533 924 2601 miserit
939 2555 1086 2601 vocem:
1107 2530 1201 2618 «lte,
1217 2541 1252 2598 et
1262 2525 1356 2626 bene

313 2639 470 2731 «valete,
491 2645 662 2716 Romani:
684 2648 812 2716 merito
837 2669 899 2716 vos
914 2648 1066 2718 victores
1082 2643 1177 2716 fama
1197 2643 1356 2742 gentium

313 2753 509 2855 aloquitur,
526 2763 588 2856 qui
604 2756 818 2830 Parthorum
832 2758 903 2832 tela
917 2759 1063 2858 fugistis.
1082 2793 1096 2824 »

274 2881 291 2934 t
356 2869 435 2941 Non
452 2875 571 2943 minor
587 2898 629 2943 ex
646 2898 738 2972 aqua
752 2888 890 2971 postea,
912 2899 1021 2973 quam
1039 2871 1084 2945 ab
1102 2870 1263 2944 hostibus
1281 2869 1355 2943 cla-

308 2982 380 3056 des.
394 2982 523 3058 lnfesta
535 2990 691 3085 primum
703 2992 758 3060 siti
771 2992 889 3088 regio:
905 3005 982 3060 tram
994 2987 1208 3088 quibusdam
1222 2984 1356 3059 Salina·

273 3128 291 3183 9
308 3096 395 3170 cidis
406 3097 532 3171 fluvius
544 3099 723 3175 infestior:
738 3105 942 3192 novissime,
956 3101 1124 3201 quiajam
1137 3099 1182 3174 ab
1195 3097 1354 3173 invalidis

308 3228 344 3284 et
355 3211 459 3286 avide
475 3213 741 3306 hauriebantur,
753 3220 866 3288 noxiae
881 3221 988 3289 etiam
1004 3214 1125 3288 dulces
1138 3215 1251 3287 fuere.
1269 3216 1356 3284 Mox

308 3341 344 3397 et
355 3325 500 3400 ardores
514 3355 581 3426 per
593 3331 812 3420 Armeniam,
831 3348 866 3403 et
881 3335 978 3404 nives
990 3357 1055 3430 per
1069 3329 1354 3430 Cappadociam,

308 3455 344 3512 ct
354 3443 536 3540 utriusque
546 3442 623 3515 caeli
632 3443 748 3518 subita
757 3451 906 3520 mutatio
917 3473 984 3546 pro
995 3444 1196 3546 pestilentia
1206 3443 1282 3516 luit.
1296 3445 1354 3516 Sic

344 3630 369 3698 4.
381 3629 454 3682 Unus
464 3630 575 3683 exclade
584 3633 725 3685 Crassiana.
736 3632 810 3686 ldem
850 3650 952 3689 montes
970 3649 1105 3708 peterent,
1131 3647 1220 3686 tamen
1240 3633 1355 3684 fortasse

307 3709 422 3764 Velleius
433 3712 468 3777 ll,
479 3712 526 3777 82,
538 3713 562 3779 4.
573 3711 633 3778 Qua
643 3710 677 3764 de
688 3731 716 3764 re
727 3715 811 3766 Hora·
851 3730 877 3769 et
890 3715 981 3770 hostes
995 3716 1144 3768 adfuturos.

307 3794 373 3856 tius,
386 3811 466 3844 cerua.
475 3792 523 3858 ΠΙ,
536 3791 566 3844 5ε
583 3793 713 3846 -attlesne
723 3794 810 3847 Crassi
885 3795 911 3848 6.
922 3793 1005 3850 Sorte.
1019 3795 1114 3848 Ferret
1125 3791 1283 3865 ronubique
1293 3808 1354 3862 per-

307 3871 420 3941 conjuge
447 3869 562 3923 barbara
586 3871 671 3942 turpia
698 3872 809 3923 maritus
850 3889 993 3930 mutantur.
1006 3876 1077 3928 Dicit
1088 3873 1253 3937 Florum
1264 3870 1292 3926 id
1302 3889 1354 3943 po-

308 3949 384 4014 vixit,
394 3963 421 4001 et
432 3948 548 4003 bostium
561 3951 573 4018 (
577 3949 658 4022 probi
672 3951 758 4015 curia,
768 3952 810 4001 io·
849 3957 1028 4008 1iusexa0rte
1041 3955 1147 4020 fecisse,
1165 3971 1244 4024 quam
1259 3969 1291 4003 ex
1305 3952 1355 4002 mi-

307 4027 810 4102 versiquemoresl)consenuitsocero-
848 4032 919 4085 litari
932 4035 1051 4086 scientia.

309 4121 367 4156 rum
376 4106 403 4157 in
414 4108 505 4172 armis,
516 4106 565 4159 sub
575 4127 637 4179 rege
647 4109 725 4161 Medo
737 4109 809 4160 Mar·
884 4114 909 4166 8.
924 4113 1003 4164 Tum.
1016 4111 1135 4182 intellige
1146 4123 1247 4182 postca.
1257 4137 1292 4148 —
1302 4111 1353 4162 Sa-

309 4203 353 4238 sus
368 4197 395 4236 et
406 4185 563 4256 Appulus!·
850 4189 976 4243 linacidis.
992 4190 1096 4243 Scilicet
1114 4189 1189 4242 salsis
1209 4200 1235 4241 et
1253 4187 1353 4250 widin

344 4264 368 4318 5.
381 4265 425 4318 Sic
436 4284 546 4340 quoque.
560 4267 676 4339 Nempe,
689 4270 808 4339 quamvis
849 4267 961 4322 subaudi
972 4271 1053 4342 aquis.
1069 4268 1121 4320 Alii
1132 4266 1296 4323 Salmacidis.
