3142 4958
567 515 711 580 uranu
733 518 973 600 Quauros.
1231 519 1293 606 327

244 641 314 731 lus,
328 659 363 718 et
375 641 449 715 fato
462 657 560 714 estet
572 645 691 713 animo
704 656 853 712 secutus.
867 637 964 711 Nihil
978 639 1038 712 illa
1049 639 1145 712 caede
1157 667 1223 741 per
1235 668 1295 741 pa·
1313 654 1347 708 36

243 756 344 834 ludes
356 783 492 857 perque
506 755 608 829 silvas
622 759 815 845 cruentius3
828 753 915 828 nihil
929 753 1153 828 insultatione
1169 754 1295 828 barba·

243 895 368 945 rorum
391 871 654 963 intolerantius,
682 877 862 971 praecipue
889 886 1009 944 tamen
1033 874 1071 942 in
1093 897 1295 944 caussarum

244 1006 426 1088 patronos.
437 987 661 1077 Aliisoculos,
672 987 747 1060 aliis
755 1013 878 1060 manus
887 985 1247 1086 amputabanttunius
1255 1014 1295 1059 os
1314 1001 1347 1074 37

244 1122 374 1194 sutum,
386 1111 496 1180 recisa
505 1109 603 1204 prius
612 1102 748 1204 lingua,
760 1129 868 1204 quam
879 1107 915 1175 in
926 1121 1165 1176 manutenens
1174 1101 1297 1177 barba·

245 1250 322 1313 rus,
341 1221 546 1314 «Tandem,
560 1226 689 1322 inquit,
700 1225 839 1321 vipera,
852 1219 993 1293 sibilare
1004 1219 1142 1294 desiste.
1156 1255 1170 1283 n
1183 1221 1296 1318 Ipsius
1315 1233 1349 1286 sa

246 1363 390 1439 quoque
402 1335 554 1411 consulis
567 1363 712 1436 corpuS,
725 1334 823 1436 quod
837 1334 991 1408 militum
1001 1339 1113 1435 pietas
1125 1333 1225 1407 humi
1236 1333 1298 1406 ab·

246 1453 401 1543 diderat,
415 1452 593 1527 effossum.
608 1454 713 1550 Signa
724 1466 760 1523 et
772 1450 906 1551 aquilas
923 1451 1009 1524 duas
1022 1448 1138 1522 adhuc
1153 1447 1296 1522 barbari

246 1569 447 1668 possident:
463 1574 604 1643 tertiam
621 1567 766 1668 signifer
778 1572 894 1668 prius,
911 1595 1018 1667 quatu
1031 1571 1068 1639 in
1081 1592 1207 1639 manus
1219 1564 1298 1637 hos·

247 1689 336 1757 tium
350 1689 502 1776 veniret,
516 1684 655 1773 evulsit3
670 1710 894 1783 mersamque
910 1689 1004 1757 intra
1021 1682 1130 1756 baltei
1143 1685 1196 1754 sui
1211 1679 1300 1754 late-

247 1800 330 1872 bras
350 1827 493 1902 gerens,
514 1805 551 1872 in
572 1817 719 1874 cruenta
741 1800 873 1900 palude
894 1804 942 1872 sic
963 1796 1074 1872 latuit.
1095 1800 1174 1870 Hac
1196 1794 1298 1870 clade
1315 1827 1350 1898 ³9

181 1987 183 1992 ,
249 1915 398 2008 iactum,
410 1932 450 1988 ut
468 1921 674 2016 imperium,
697 1916 797 2016 quod
815 1921 851 1988 in
870 1914 974 1988 litore
986 1915 1124 1987 Oceani
1139 1939 1213 1985 non
1233 1928 1298 1986 stc·

248 2047 353 2120 terat,
370 2035 407 2102 in
419 2035 497 2130 ripa
511 2029 626 2103 Rheni
643 2031 796 2103 fluminis
813 2047 931 2104 staret.

284 2149 370 2217 Haec
380 2145 427 2218 ad
436 2145 826 2245 septemtrionemsub
837 2146 1037 2219 Meridiano
1045 2143 1296 2218 tumultuatum
1315 2175 1350 2244 to

249 2263 376 2358 magis,
389 2285 495 2360 quam
515 2261 686 2334 bellatum
702 2278 763 2334 est.
780 2261 997 2334 Musulanios
1015 2277 1122 2360 atque
1134 2259 1298 2349 Getulos,

251 2372 393 2446 adcolas
416 2376 587 2474 Syrtium,
608 2378 717 2449 Cosso
741 2373 849 2467 duce,
874 2381 1111 2476 compescuit:
1133 2375 1229 2448 unde
1247 2371 1298 2447 illi

250 2486 405 2561 Getulici
420 2515 562 2562 nomen.
576 2493 696 2564 Latius
710 2497 859 2564 victoria
873 2507 982 2590 patet.
997 2490 1233 2563 Marmaridas
1250 2503 1307 2561 at·'
1316 2515 1347 2582 41

250 2632 320 2706 quc
338 2606 572 2680 Garamantas
592 2611 739 2682 Curinio
758 2608 971 2710 subigendos
993 2607 1102 2682 dedit.
1124 2611 1246 2680 Potuit
1263 2622 1299 2679 et

287 2817 329 2870 38.
342 2819 423 2892 Siqua
434 2831 459 2871 et
469 2817 580 2892 Aquilae
590 2821 654 2874 duas
667 2821 752 2874 adtue
795 2819 907 2874 Getulos.
921 2822 993 2873 infra
1004 2818 1198 2870 Mauritaniam.
1211 2813 1299 2868 Hodie

252 2897 353 2946 tartari
364 2898 500 2966 possident.
519 2901 577 2950 lloc
591 2903 616 2952 in
630 2899 691 2952 loeo
710 2919 753 2952 ex·
793 2899 919 2953 dicuntur
933 2901 1052 2964 ilerden,
1068 2912 1094 2950 et
1105 2897 1226 2948 habitant
1240 2913 1300 2966 par·

251 2973 332 3028 sultat
350 2977 550 3050 triumpltatque
568 2981 646 3047 Tira,
672 2999 702 3031 ex
722 2999 754 3031 eo
793 2993 847 3030 tem
862 2977 1016 3030 altissimam
1034 2977 1131 3027 montis
1142 2973 1257 3026 Atlantis
1271 2973 1299 3023 iu

251 3053 431 3126 colligendum
441 3075 497 3110 esse
510 3058 686 3124 contendens,
696 3059 755 3110 Flo·
793 3057 891 3108 Africa.
899 3054 1051 3108 -Adcolns
1058 3053 1181 3122 Syrtium.
1193 3051 1234 3104 Sic
1242 3051 1300 3103 vir-

251 3153 310 3184 rum
326 3133 438 3205 hujusce
452 3137 580 3206 epitomes
598 3138 754 3206 scriptorem
793 3135 885 3206 gilium
897 3147 1003 3187 secutus
1015 3145 1054 3186 eet
1063 3133 1171 3198 Florus,
1184 3131 1230 3202 qui
1241 3128 1299 3202 Syr·

251 3210 392 3282 Augusteae
402 3215 472 3264 atati
485 3212 672 3264 vindicandum
684 3231 754 3281 esse,
795 3229 834 3269 tes
853 3215 961 3268 Getulas
981 3229 1068 3266 vocat.
1088 3215 1122 3267 At
1145 3211 1241 3264 falsum
1260 3223 1301 3264 eet

251 3310 307 3344 non
318 3293 439 3362 Trajani,
452 3306 482 3344 ut
494 3293 587 3346 solent.
600 3295 653 3363 Qui
666 3307 755 3347 autem
794 3297 904 3351 Getulos
921 3295 954 3347 ad
971 3295 1057 3368 Syrtes
1069 3293 1180 3366 deffere,
1200 3293 1299 3366 quippe

252 3388 306 3421 non
321 3371 348 3421 in
361 3369 439 3442 hujus
451 3373 608 3424 sententiam
624 3373 755 3426 accedunt
796 3371 1301 3449 qniMesliterraneisunt,etinfraMau·

253 3451 420 3521 euepieantnr
437 3451 545 3503 Florum
564 3450 619 3504 haec
638 3451 756 3524 descrip-
796 3456 926 3507 titaniam.
938 3453 1081 3504 -Latiori
1093 3471 1156 3504 eane
1169 3468 1248 3502 sensu
1259 3449 1301 3501 lo-

254 3530 318 3583 eisee
330 3548 345 3582 e
357 3533 484 3604 scriptore
497 3531 586 3604 aliquo
600 3551 688 3584 rernm
700 3535 755 3586 tto-
796 3535 842 3606 qui
852 3533 937 3586 solent
946 3545 1040 3606 poetar.
1053 3532 1090 3586 Cf
1108 3529 1141 3586 ad
1153 3527 1254 3582 AEneid.
1266 3529 1302 3596 V,

253 3627 408 3676 manarum,
422 3613 467 3683 qui
484 3625 544 3665 ante
560 3626 681 3683 receptae
697 3611 755 3666 illas
797 3619 812 3667 5
818 3633 827 3667 r
838 3628 864 3667 et
875 3615 1057 3684 192.-c0sso
1065 3613 1135 3666 duce.
1147 3613 1231 3664 Cosso
1239 3610 1303 3661 Cor·

254 3686 320 3741 duas
331 3690 431 3762 aquilas
440 3691 593 3763 scripserat,
602 3709 633 3744 ao
643 3692 755 3745 fortasse
795 3693 865 3747 nelio
875 3694 1003 3762 Lentulo,
1015 3694 1062 3765 qui
1077 3690 1170 3746 consul
1181 3690 1231 3741 fuit
1240 3705 1301 3740 eum

255 3769 365 3821 aldvin-
704 3818 708 3826 .
794 3772 938 3845 Calpurnio
952 3773 1047 3824 Pisone
1059 3771 1176 3840 Augure.

290 3847 333 3918 39.
352 3849 385 3898 In
404 3845 479 3899 litore
498 3848 595 3902 Oceani
612 3869 664 3904 non
681 3860 755 3902 stete·
832 3849 1067 3920 41.Monnaridos.
1076 3847 1172 3921 Populi
1180 3845 1302 3920 quiMer·

255 3936 303 3979 rat.
316 3927 376 3979 Sine
387 3924 470 3979 dubio
482 3931 588 4000 respicit
600 3929 635 3982 ad
648 3929 757 3981 Casaris
797 3934 923 3984 maricam
932 3929 1018 3984 aNilo
1029 3927 1156 4001 usquead
1165 3925 1303 4002 Cyrenen,

254 4009 431 4060 Britannicam
445 4009 639 4082 expeditionem
655 4009 688 4065 de
705 4029 758 4082 qua
797 4013 839 4066 vel
855 4014 954 4084 Syrtern
974 4011 1104 4082 majorem
1120 4008 1250 4062 incolunt.
1268 4035 1304 4050 -

256 4105 335 4160 supra
347 4088 395 4154 111,
412 4103 451 4141 to.
801 4092 981 4144 Garamantas.
1001 4088 1089 4162 Libya
1102 4087 1220 4159 populos
1235 4087 1304 4138 intra

290 4171 333 4238 4ο.
348 4167 519 4223 Musulamos.
535 4173 630 4223 Africae
644 4172 758 4244 propriae
798 4168 935 4224 Getuliam
944 4173 969 4222 e't
977 4182 1082 4222 montes
1089 4167 1304 4240 AEtltiopicos.-

256 4250 347 4322 populi
359 4249 394 4304 nd
405 4250 710 4325 Ampsamlluviumsiti.
723 4282 759 4294 -
801 4251 917 4304 Curiatio.
938 4249 1005 4317 Quis
1023 4249 1102 4302 fuerit
1121 4246 1165 4300 ille
1186 4243 1305 4298 Curirdue
