3094 4952
373 563 683 629 TESTIMONIA
709 563 769 627 ET
788 557 1000 628 'mulcta
1195 555 1231 626 5‘

165 689 201 748 llt
211 687 289 770 quid
302 685 469 772 prohihet,
481 708 544 768 quo
557 689 676 763 minus,
688 703 724 747 ut
732 689 766 747 L.
782 688 889 747 Annaei
903 687 1021 746 Senecae
1035 685 1215 768 philosophi

164 785 268 860 frater,
284 806 353 846 non
372 797 498 846 tanmm
514 787 548 844 L.
564 785 696 844 Annuus
712 787 843 845 Novatus
859 783 1038 860 dicebatur,
1055 783 1106 844 sed
1122 785 1216 844 etiam

163 885 270 943 laetius
280 881 380 942 Gallio
395 880 494 962 (quod
507 903 623 942 nomen
632 880 745 941 habuit
754 894 917 962 postquam
931 903 949 940 a
962 882 1059 941 Junio
1070 879 1216 941 Gallione

164 994 229 1040 erat
240 979 438 1061 adoptatus);
450 980 494 1038 ita
505 977 683 1040 historicum
697 976 782 1039 hunc
793 978 966 1054 credamus,
980 976 1149 1060 adoptione
1162 999 1217 1038 no-

164 1095 240 1136 men
252 1089 400 1151 mutasse,
411 1088 505 1156 atque
517 1075 589 1135 inde
600 1096 677 1151 esse,
689 1074 772 1157 quod
786 1075 868 1136 idem
881 1075 981 1135 dictus
991 1076 1030 1135 sit
1041 1077 1074 1136 L.
1085 1076 1217 1135 Annaeus

164 1177 295 1248 Seneca,
307 1186 337 1233 et
348 1175 382 1232 L.
398 1181 530 1232 Annaeus
539 1171 642 1233 Floms
652 1199 663 1248 ,-
674 1171 737 1247 vel,
752 1185 787 1231 ut
800 1171 833 1232 in
846 1170 1008 1232 nonnullis
1020 1172 1107 1232 libris
1118 1172 1217 1256 legere

165 1287 223 1346 est,
235 1270 332 1333 Julius
342 1269 464 1331 Florus?
473 1271 567 1348 Quod
578 1272 603 1331 si
613 1283 672 1346 est,
684 1270 813 1331 fortasse
825 1272 917 1330 etiam
926 1269 1064 1331 historici
1078 1269 1169 1352 hujus
1179 1274 1217 1332 sit
1278 1351 1285 1358 ·

166 1371 291 1430 Octavia
307 1371 427 1430 Senecae
444 1368 576 1429 tributa:
594 1391 668 1428 nam
684 1370 719 1429 L.
737 1370 857 1431 Senecae
873 1367 1055 1453 philosophi
1071 1391 1136 1430 non
1156 1391 1218 1430 esse

166 1470 238 1527 satis
258 1480 398 1549 apertum
419 1481 463 1528 est
465 1509 1216 1529 .......................................

207 1565 295 1625 Alius
306 1586 380 1626 vero
395 1565 433 1624 ab
447 1563 505 1624 hoc
524 1577 569 1624 est
583 1561 681 1626 Julius
692 1562 807 1641 Florus,
820 1565 868 1624 vir
884 1563 993 1624 itidem
1008 1565 1154 1640 disertus,
1164 1566 1217 1647 qui

168 1661 228 1722 sub
244 1662 368 1722 'liberio
381 1663 466 1722 vixit.
480 1661 526 1722 De
540 1659 600 1722 hoc
612 1662 655 1720 ita
669 1661 712 1722 M.
724 1661 835 1723 Seneca
849 1662 996 1723 Controv.
1012 1661 1111 1722 XXV:
1128 1687 1141 1718 ιι
1151 1663 1218 1744 lpse

171 1784 186 1815 ιι
197 1759 303 1820 audivi
312 1753 439 1820 Florum
448 1758 630 1841 quemdam,
639 1759 813 1820 auditorem
820 1761 963 1819 Latronis
974 1758 1140 1836 dicentem,
1152 1779 1219 1820 non

172 1853 281 1938 uapud
300 1857 484 1916 Latronem:
506 1877 606 1938 neque
628 1857 712 1916 enim
732 1855 778 1916 illi
800 1877 867 1916 mos
887 1870 971 1931 erat,
993 1877 1219 1939 quemcumque

172 1953 302 2014 «audire
316 1953 557 2014 declamantem:
573 1953 768 2015 declamabat
781 1956 844 2037 ipse
856 1966 995 2030 tantum,
1010 1969 1041 2015 et
1053 1956 1171 2030 aiebat,
1188 1976 1219 2015 ae

172 2073 262 2113 anon
275 2073 339 2114 esse
352 2055 552 2134 magistrum,
565 2053 616 2114 sed
630 2051 816 2135 exemplum.
833 2054 895 2114 Nec
913 2053 968 2114 ulli
986 2052 1038 2113 alii
1057 2055 1220 2136 contigisse

172 2176 186 2206 ιι
196 2153 277 2228 scio,
292 2173 387 2232 quam
398 2152 483 2236 apud
495 2153 634 2228 Graecos,
649 2153 778 2228 Nicetes:
794 2152 878 2235 apud
892 2155 1061 2228 Romanos,
1075 2153 1218 2227 Latroni:

172 2277 187 2305 ιι
198 2265 233 2310 nt
243 2251 385 2334 discipuli
399 2272 464 2312 non
478 2251 577 2312 audiri
595 2250 819 2326 desiderarent,
832 2251 885 2312 sed
899 2253 1037 2312 contenti
1053 2263 1151 2312 essent
1166 2273 1219 2312 au·

174 2347 272 2410 adire.
281 2374 294 2405 ιι
303 2349 413 2408 Paullo
422 2362 493 2432 post
503 2361 679 2431 excerptum
690 2369 724 2408 ex
735 2349 820 2410 Flori
830 2349 1055 2410 declamatione
1063 2350 1162 2432 ponit.
1173 2349 1219 2408 De

172 2444 298 2520 eodem,
317 2459 350 2506 ut
370 2461 466 2528 puto,
487 2445 642 2528 simulque
662 2447 766 2506 fratris
784 2445 867 2521 filio,
887 2448 928 2508 sic
949 2446 1078 2523 Fabius,
1097 2445 1150 2506 lib.
1172 2447 1217 2504 X:

173 2543 265 2618 “Qua
286 2542 324 2602 de
342 2564 374 2602 re
392 2545 521 2604 memini
540 2564 678 2604 narrasse
693 2541 772 2602 mihi
789 2543 907 2604 Julium
924 2543 1115 2618 Secundum,
1131 2543 1219 2604 illurn

173 2667 187 2696 c
196 2643 347 2730 aequalem
360 2665 465 2704 meum
471 2663 484 2718 ,·
494 2655 602 2724 atque,
614 2656 650 2702 ut
661 2656 772 2704 notum
784 2655 845 2719 est,
857 2642 1219 2717 familiariter‘amatum,
1241 2629 1245 2636 ¹
1324 2691 1329 2704 .

173 2729 281 2800 am'irae
300 2738 455 2800 facundiae
473 2740 595 2812 virum,
612 2736 740 2800 infinitae
754 2752 859 2800 tamen
871 2759 970 2814 curte,
981 2738 1057 2820 quid
1071 2750 1147 2798 esset
1160 2737 1219 2798 sibi

171 2859 185 2888 a
195 2857 214 2894 a
230 2849 367 2917 patrono
382 2835 509 2898 dictum.
526 2837 555 2897 Ia
573 2836 635 2896 fuit
648 2835 749 2896 Julius
762 2836 890 2912 Florus,
908 2837 1133 2918 ineloquentia
1149 2836 1222 2898 Gal·

170 2957 185 2985 ιι
195 2931 311 2992 liarum
321 2933 487 3015 (quoniam
499 2933 543 2992 ibi
556 2933 683 2993 demum
693 2934 827 2994 exercuit
836 2936 922 3013 eam)
935 2935 1091 3015 princeps,
1102 2932 1220 3012 alioqui

173 3053 189 3082 ιι
199 3029 281 3088 inter
291 3051 407 3110 paucos
422 3031 563 3106 disertus,
577 3044 608 3090 et
618 3029 730 3112 dignus
743 3031 797 3092 illa
809 3030 1054 3113 propinquitate.
1068 3029 1111 3104 ls,
1123 3048 1221 3110 quum

172 3125 393 3202 sesecundum,
406 3126 517 3186 scholae
533 3127 632 3188 adhuc
647 3150 774 3212 operam
790 3129 932 3203 dantem,
949 3129 1067 3188 tristem
1085 3126 1166 3186 forte
1180 3128 1222 3186 vi·

174 3223 307 3298 adisset,
330 3224 551 3304 interrogarit,
573 3245 639 3305 quas
655 3247 763 3288 caussa
779 3226 892 3286 frontis
909 3237 973 3285 tam
990 3221 1149 3282 adductae?
1166 3245 1222 3284 nec

174 3321 404 3384 “dissimulavit
416 3322 605 3400 adolescens,
618 3327 743 3385 tertium
754 3326 820 3406 jam
832 3324 914 3384 diem
926 3345 1003 3399 esse,
1015 3345 1050 3384 ex
1060 3344 1122 3404 quo
1134 3325 1222 3383 omni

175 3419 303 3480 alahore
314 3422 453 3482 materiae
462 3420 502 3480 ad
514 3421 711 3483 scribendum
723 3422 882 3484 destinatae
894 3443 961 3483 non
973 3423 1127 3482 inveniret
1138 3441 1223 3481 exor-

175 3541 190 3571 ιι
200 3516 304 3576 dium:
321 3539 385 3600 quo
401 3519 460 3578 sibi
472 3539 539 3579 non
556 3540 688 3601 prmaens
699 3534 823 3582 tantum
835 3520 936 3596 dolor,
948 3519 1000 3581 aed
1013 3521 1105 3580 etiam
1117 3518 1222 3602 despe-

176 3638 191 3668 ιι
201 3615 280 3672 ratio
293 3614 325 3673 in
337 3629 498 3696 posterum
510 3613 694 3678 fieret.Tum
703 3616 814 3676 Florus
828 3614 984 3678 arridens:
998 3614 1158 3696 Numquid
1172 3629 1221 3690 tu,

175 3710 318 3793 uinquit,
332 3711 438 3772 melius
451 3712 624 3790 diceretis,
636 3735 732 3797 quam
749 3717 854 3798 potes?
868 3731 923 3777 etc.
935 3743 949 3772 ιι
963 3718 1024 3776 Nec
1039 3715 1172 3776 absurda
1186 3717 1224 3778 sit

174 3808 366 3890 conjectura,
386 3810 410 3870 si
430 3813 499 3892 quia
520 3813 678 3894 opinetur,
699 3812 880 3876 historicum
901 3836 992 3890 eum,
1012 3814 1051 3875 de
1072 3835 1136 3898 quo
1156 3814 1223 3876 luae

175 3904 306 3969 diximus
322 3909 434 3988 (modo
448 3911 474 3970 is
488 3909 583 3972 Julius
596 3910 703 3973 Florus
717 3925 795 3974 recte
813 3914 848 3972 in
863 3911 953 3973 lihria
967 3913 1155 3995 quibusdam
1169 3933 1223 3973 vo·

176 4010 285 4081 catur),
298 4027 334 4068 ex
345 4007 455 4068 eadem
465 4009 574 4091 stirpe,
586 4009 685 4070 immo
693 4009 823 4070 fortasse
835 4009 935 4070 filiurn
946 4011 1053 4084 luisse,
1066 4023 1119 4069 ant
1130 4029 1224 4092 nepo-

175 4113 238 4160 tem
248 4101 324 4162 Julii
333 4102 436 4178 Flori,
447 4105 506 4165 viri
518 4103 610 4186 hujus
622 4105 743 4181 diserti,
756 4106 795 4166 de
808 4127 870 4188 quo
884 4109 928 4168 M.
941 4108 1055 4168 Seneca
1066 4119 1096 4166 et
1107 4108 1224 4183 Quinc·

175 4197 301 4260 tilianus
321 4200 503 4284 loquuntur.
