3142 4938
583 496 727 562 LIBER
749 495 942 562 PRIMUS.
1226 507 1286 580 '¹¹9

245 641 382 723 tempus
401 619 617 721 elephantis,
640 622 748 708 mari,
766 635 878 708 terra,
896 621 996 706 viris,
1020 621 1137 716 equis,
1163 621 1286 706 armis,

243 737 364 812 addito
378 743 522 837 insuper
533 735 693 810 ferarum
703 751 856 824 terrore,
871 733 1042 809 veniebat.

287 850 397 950 Apud
409 850 639 941 Heracleam,
655 867 690 923 et
701 853 906 949 Campaniae
921 849 1067 923 fluvium
1081 851 1209 939 Lirim,
1222 851 1289 922 Le·
1323 872 1337 924 7
1356 837 1364 855 ⁶

242 973 325 1042 vino
351 965 513 1058 consule,
544 971 661 1066 prima
686 991 837 1065 pugna:
867 989 945 1063 quse
972 981 1047 1036 tam
1069 980 1170 1038 atrox
1201 962 1286 1052 huit,

242 1098 281 1154 ut
297 1083 481 1162 Frentanus
504 1080 690 1182 praefectus
708 1079 893 1168 Obsidius,
912 1083 1070 1150 invectus
1088 1083 1126 1152 in
1146 1105 1286 1178 regem,

241 1196 457 1286 turbaverit,
475 1199 720 1296 coegeritque,
744 1193 911 1292 projectis
934 1191 1144 1291 insignibus,
1165 1192 1287 1290 praelio

240 1311 424 1388 excedere.
434 1313 566 1384 Aetttm
576 1311 743 1397 erat,nisi
751 1305 1126 1405 elephanti,converso
1136 1310 1173 1376 in
1185 1331 1287 1405 spec·
1325 1318 1340 1369 a

240 1425 399 1498 taculum
407 1423 523 1511 bello,
535 1425 810 1522 procurrissent:
825 1447 979 1521 quorum
991 1445 1102 1520 quum
1118 1424 1289 1518 magnitu-

202 1533 206 1545 '
242 1540 341 1630 diue,
355 1553 434 1612 tum
453 1538 695 1627 deformitate,
717 1553 752 1610 et
770 1561 865 1610 novo
883 1536 996 1610 odore
1019 1534 1123 1610 simul
1144 1561 1186 1608 ac
1209 1541 1293 1626 stri-¹

241 1653 332 1728 dore
355 1658 570 1728 consternati
590 1657 686 1752 equi,
710 1679 821 1751 quum
844 1655 1042 1752 incognitas
1067 1651 1132 1724 sibi
1153 1647 1289 1724 belluas

243 1768 410 1868 amplius,
429 1795 536 1868 quam
557 1783 672 1858 eraut,
688 1771 960 1867 suspicarentur,
979 1765 1100 1866 fugam
1118 1783 1289 1866 stragem·

240 1909 311 1983 que
331 1883 402 1958 late
426 1883 610 1959 dederunt.
632 1887 673 1959 lu
695 1882 823 1982 Apulia
846 1883 976 1958 deinde
997 1881 1097 1982 opud
1119 1881 1288 1957 Asculum
1321 1907 1338 1960 9

240 2051 303 2103 deut·
318 2063 344 2105 et
358 2053 453 2105 chad.
469 2053 511 2107 des
523 2053 613 2120 Rom„
630 2053 706 2128 chop.
718 2053 743 2120 4.
785 2053 954 2124 Haerecepta
964 2053 1091 2116 lectione,
1101 2047 1288 2121 intelligendus

238 2157 276 2172 -·
291 2133 376 2198 Viris,
392 2134 476 2206 εᾳιιίς,
491 2135 581 2190 ame.
599 2136 660 2186 ileo
676 2151 745 2206 supe
786 2145 826 2184 est
840 2132 886 2188 hic
903 2132 979 2184 locus
998 2133 1067 2184 sicut
1085 2130 1198 2200 explicet
1217 2131 1288 2184 Gros-

241 2209 366 2262 ‹licuntur
384 2230 433 2282 pro
455 2212 516 2263 totis
535 2211 653 2278 viribus,
674 2211 747 2260 omni
787 2213 861 2264 vius:
885 2229 998 2281 nempe,
1018 2211 1140 2261 vicissent
1160 2211 1288 2277 Romani,

243 2303 341 2342 conatu
356 2305 381 2343 et
393 2294 573 2344 contentione.
585 2291 655 2343 Male
667 2293 746 2361 igitur
784 2293 836 2344 nisi
853 2289 1007 2364 elephantes
1028 2291 1241 2361 procurrissent,
1262 2304 1288 2342 et

241 2368 363 2423 tirhunc
377 2370 466 2424 locum
476 2373 640 2442 interposuit
650 2373 744 2426 Timr:
783 2373 920 2426 unmanos
932 2369 1115 2442 aegritudine
1124 2387 1170 2424 sun
1180 2372 1220 2422 sic
1228 2385 1288 2442 per·

228 2447 325 2517 siris,
338 2451 423 2523 equis,
441 2453 519 2504 annis
534 2451 624 2503 addito
643 2451 747 2520 insuper
786 2451 925 2515 colissent,
937 2465 967 2502 ut
982 2449 1102 2521 prelium
1117 2465 1287 2502 convertere·

242 2542 343 2584 tenore.
781 2531 861 2586 ‚turin
870 2529 1064 2601 spectaculum,
1074 2543 1100 2582 et
1111 2544 1141 2583 ut
1150 2531 1286 2584 immemo-

276 2625 302 2680 7.
317 2609 399 2680 Apud
414 2609 570 2664 Heracleum
586 2623 612 2663 et
632 2613 743 2682 Campa-
784 2629 826 2664 res
840 2628 936 2681 pugnae
951 2623 1115 2680 spectatores
1130 2625 1217 2663 essent
1234 2623 1286 2663 ter-

241 2687 291 2741 nioe
304 2685 422 2762 fluuium
443 2689 534 2742 Lirim.
557 2689 651 2742 Errant
667 2687 744 2744 haud
779 2707 844 2746 rore
857 2689 999 2742 invisarum
1017 2700 1096 2739 antea
1114 2687 1166 2738 sibi
1185 2687 1287 2738 bellua-

240 2763 321 2818 ‹lubie
332 2780 565 2834 commentatores,
574 2787 656 2838 quum
665 2768 744 2820 Floro
784 2787 844 2833 rum
861 2781 915 2820 tarn
931 2780 1149 2820 monstrosarum.
1168 2765 1288 2820 Dukerus

241 2843 396 2897 adscribunt
414 2859 524 2916 peccatu
545 2846 590 2899 hic
613 2845 744 2910 admissa,
781 2860 872 2912 ,sutem
894 2861 920 2899 et
937 2846 1054 2899 Serenus
1067 2844 1158 2916 legunt
1174 2849 1289 2900 conversi

244 2941 300 2994 quc.-
313 2941 371 2976 mea
383 2926 509 2994 opinione
521 2925 745 2996 interpolatorum
786 2927 814 2978 iu
828 2925 1003 2997 spectaculum
1019 2924 1096 2990 belli,
1115 2924 1288 2994 intelligentes

243 3014 271 3054 ct
279 3001 449 3054 librariorum
458 3003 613 3056 sunt.Certe
623 3003 675 3056 hoc
685 3004 746 3056 loco
782 3023 897 3075 ,prorsus
911 3004 1064 3074 elephantes
1078 3003 1112 3054 ad
1126 3003 1190 3056 belli
1205 3022 1289 3076 uppe-

243 3078 407 3132 restituenda
425 3099 487 3132 vere
504 3081 577 3134 flori
598 3081 747 3150 scripture,
788 3095 874 3133 ratum
892 3096 952 3134 ante
968 3083 1083 3154 primum
1099 3081 1218 3137 ordinem
1233 3085 1289 3137 ool-

241 3158 493 3230 ApudHerucleam,
504 3159 649 3236 etfluvt'um
658 3159 747 3226 Sirim,
787 3161 890 3214 locatos
904 3162 1002 3226 fuisse,
1019 3180 1076 3233 quse
1091 3161 1197 3234 quidem
1210 3164 1288 3216 lectio

242 3255 322 3309 quem
339 3237 468 3302 salmasio
484 3237 623 3292 debemus.
641 3236 680 3290 lbi
696 3257 748 3310 pn·
787 3243 895 3294 minime
915 3241 1064 3312 spernenda
1084 3255 1139 3308 est,
1161 3257 1187 3296 et
1206 3262 1238 3304 eu
1256 3263 1289 3296 ec

240 3335 318 3388 gnus
339 3320 453 3391 primam
473 3337 535 3372 cum
554 3316 654 3391 Pyrrho
674 3337 748 3370 com·
787 3319 973 3372 auctoritatem
983 3317 1056 3372 ducit
1066 3318 1138 3390 quod
1148 3322 1242 3374 iterum
1251 3323 1290 3374 in-

241 3398 346 3466 Quam
370 3412 493 3453 auctores
516 3415 610 3453 omnes
631 3416 746 3450 conscu-
786 3395 1286 3471 fradicit:Productit'nprimumaciem

242 3477 327 3528 tiunt:
339 3496 390 3532 noc
406 3481 494 3550 potuit
510 3480 536 3530 in
556 3496 585 3530 re
602 3489 655 3529 tam
672 3475 744 3530 clara
786 3495 871 3530 metus
882 3476 1043 3550 elephanti*

244 3573 332 3610 errare
341 3557 441 3610 Florus.
453 3560 539 3627 Quam
551 3557 627 3610 facile
637 3575 652 3610 a
664 3557 745 3610 libru—
819 3575 845 3626 9.
854 3557 987 3612 Asculum.
996 3557 1129 3611 Plutarch.
1137 3559 1165 3610 in
1173 3557 1289 3630 Pyrrho,

244 3635 289 3686 riis
303 3636 331 3686 in
342 3653 407 3688 voco
420 3637 498 3690 Sirim
509 3641 602 3693 vitium
616 3638 744 3692 committi
784 3649 810 3690 et
820 3641 939 3692 Frontin.
950 3641 987 3706 11,
996 3639 1026 3704 3,
1038 3638 1290 3710 at,praeliumapud

242 3716 377 3783 potuerit,
391 3715 474 3784 quivis
491 3716 570 3770 videt.
582 3719 615 3770 u
632 3717 745 3769 fortasse
784 3720 909 3773 Asculum
925 3722 1025 3772 fectum
1042 3719 1167 3782 tradunt3
1180 3721 1227 3772 uhi
1241 3739 1289 3773 su-

243 3809 293 3863 pro
303 3793 383 3846 Sirim
398 3793 493 3863 aliquis
506 3796 637 3864 rescripsit
647 3795 742 3848 Lirim:
785 3813 838 3852 tem
859 3799 887 3851 id
907 3801 986 3852 situm
1005 3801 1085 3852 fuerit
1103 3819 1157 3854 non
1177 3797 1287 3862 addunt.

244 3870 339 3926 deiude
353 3873 439 3927 lector
448 3871 542 3944 aliquis
555 3875 602 3943 qui
611 3873 689 3926 sciret
700 3875 745 3926 Li-
782 3883 895 3949 »Rupere
910 3876 1027 3932 adhunc
1040 3879 1142 3946 lorum,
1155 3893 1181 3930 et
1193 3877 1286 3934 Cellae.

246 3953 294 4003 rt'm
306 3953 457 4024 Campania
470 3949 594 4018 fluvium,
607 3953 685 4004 etiam
699 3950 745 4004 sd·
785 3957 883 4027 Gengr.
897 3958 986 4027 Antiq.
1000 3957 1038 4022 ΙΙ,
1050 3974 1080 4024 9,
1096 3954 1161 4010 duas
1174 3956 1226 4010 hoc
1238 3979 1289 4011 no·

244 4030 348 4101 scripsit
362 4031 529 4102 campanies
542 4031 578 4084 ita
591 4028 702 4082 alterum
716 4048 747 4081 ex
786 4036 857 4086 mine
874 4033 953 4086 urbes
968 4035 995 4084 in
1012 4033 1087 4088 tutia
1103 4035 1185 4090 tuisse
1198 4051 1289 4090 osten·

240 4109 438 4166 summm.
787 4111 867 4178 dunt,
884 4111 989 4164 alteram
1007 4115 1034 4166 in
1051 4116 1164 4181 Piceno,
1178 4117 1288 4170 alteram

279 4192 304 4244 8.
315 4193 439 4246 Councrto
449 4195 477 4245 iu
485 4189 661 4262 spectaculum
671 4191 747 4244 bello.
788 4191 815 4242 in
835 4191 948 4263 Apulia,
968 4211 1025 4266 que
1047 4191 1180 4265 hodieque
1201 4191 1290 4244 Ascoli
