3142 4938
438 529 444 544 ‚
488 459 633 524 ursan
655 457 918 522 SECUNDUS,
1169 458 1228 539 143

224 589 372 658 'Lutatio
401 582 527 657 Catulo
551 580 714 670 consule,
737 578 882 652 tandem
903 576 998 651 bello
1019 577 1098 652 finis
1117 583 1230 679 impo·
1248 597 1283 651 33

182 707 264 776 situs
278 700 377 800 apud
394 699 541 788 insulas,
561 697 690 797 quibus
710 721 843 768 nomen
858 698 1009 794 AEgates.
1026 697 1101 769 Nec
1116 696 1232 794 major
1250 713 1285 781 34

182 815 266 890 alias
284 821 321 888 in
338 820 430 888 mari
450 839 587 914 pugua;
609 817 744 912 quippe
760 807 1034 901 commeatibus,
1056 815 1232 901 exercitu,

182 933 474 1034 propugnaculis,
495 935 601 1004 armis
618 933 734 1030 gravis
752 927 909 1000 hostiurn
930 927 1064 1020 classis,
1084 944 1119 1001 et
1136 933 1233 1002 inea

182 1053 282 1148 quasi
293 1063 368 1122 tota
380 1045 576 1146 Carthago:
596 1043 695 1145 quod
715 1049 833 1142 ipsum
846 1046 952 1116 exitio
970 1044 1049 1116 fuit.
1070 1047 1233 1118 Romana
1250 1055 1285 1110 35

184 1163 300 1238 classis
322 1179 487 1265 promta,
510 1161 618 1250 levis,
647 1159 834 1258 expedita,
859 1174 895 1231 et
918 1158 1078 1258 quodam
1104 1187 1233 1260 genere

183 1282 385 1369 castrensis,
409 1278 456 1352 ad
478 1275 745 1351 similitudinem
765 1300 893 1374 pugnae
913 1279 1099 1374 equestris,
1115 1279 1165 1348 sic
1182 1301 1235 1347 re·

183 1399 268 1487 mis,
290 1399 391 1494 quasi
410 1391 578 1481 habenis,
595 1389 785 1490 agebatur5
804 1406 839 1461 ct
862 1393 898 1462 in
917 1386 1002 1480 hos,
1021 1387 1079 1462 vel
1098 1392 1135 1461 in
1156 1387 1236 1462 illos

182 1508 334 1582 mobilia
349 1523 481 1598 rostra,
499 1509 655 1604 speciem
675 1499 888 1596 viventium,
901 1503 1151 1603 praeferebant.
1166 1506 1237 1576 lta·
1253 1513 1288 1568 36

184 1649 256 1723 que
272 1637 456 1696 momento
467 1625 640 1720 temporis
653 1618 815 1694 laceratae
827 1617 985 1692 hostium
996 1636 1105 1712 rates,
1118 1635 1235 1695 toturn

183 1743 279 1809 inter
304 1735 460 1809 Siciliam
490 1735 760 1836 Sardiniamque
785 1733 930 1836 pelagus
956 1735 1143 1836 naufragio
1171 1763 1235 1810 suo

186 1869 417 1951 operuerunt.
442 1853 558 1925 Tanta
582 1851 737 1952 denique
760 1850 828 1925 fuit
848 1851 908 1924 illa
932 1855 1103 1942 victoria,
1127 1871 1169 1926 ut
1191 1853 1236 1926 dc
1254 1863 1287 1933 ³7

186 1959 430 2042 exscindendis
449 1967 605 2042 hostium
627 1967 807 2041 moenibus
823 1994 897 2041 non
919 1986 1163 2068 quaereretur..
1176 1971 1236 2042 Su·

185 2108 405 2182 pervacuum
433 2088 548 2157 visum
573 2100 627 2158 est
655 2088 693 2156 in
718 2109 839 2156 arcem
870 2109 1063 2184 murosque
1093 2088 1236 2173 saevire,

186 2224 299 2299 quum
310 2200 387 2298 jam
398 2203 436 2273 in
448 2205 540 2273 mari
554 2217 645 2274 esset
661 2198 779 2274 deleta
795 2198 987 2299 Carthago.

186 2399 277 2440 rentur
286 2399 312 2440 et
314 2387 470 2464 fluitarent,
483 2402 534 2440 etc.
548 2388 638 2455 Quum
648 2386 692 2439 hic
734 2387 798 2460 gilio
815 2387 906 2454 (lictae,
927 2387 1000 2460 quod
1016 2387 1053 2440 ibi
1071 2387 1159 2441 foedus
1177 2406 1240 2443 oum

181 2465 372 2536 lacerarentur
391 2466 496 2520 nuflum
518 2485 625 2520 sensum
645 2466 694 2520 lra-
734 2468 996 2540 Carthaginiensibus
1008 2471 1090 2522 ictum
1102 2471 1144 2521 sit.

187 2543 265 2614 beat,
276 2559 500 2602 commentatores
512 2565 619 2612 omnes,
629 2555 695 2598 auc·
766 2547 1239 2623 35.Quoclcmyenerecastrenris.l‘au-

189 2636 246 2677 tore
265 2623 412 2695 salmasio,
433 2639 596 2678 censuerunt
616 2643 695 2698 repo·
735 2627 773 2680 cis
789 2641 815 2680 ct
834 2629 995 2680 circumcisis
1009 2629 1136 2693 sarcinis,
1151 2645 1240 2700 quem-

189 2705 307 2758 nendum
319 2706 518 2779 fntstcrentur:
539 2727 621 2780 quum
638 2707 695 2761 hec
735 2705 882 2759 admodum
905 2704 991 2759 solent
1016 2725 1073 2758 essa
1096 2702 1191 2756 milites
1213 2707 1240 2757 in

188 2786 417 2859 praedafrustatim
427 2787 461 2842 etl
472 2792 695 2862 omniapromon·
735 2787 836 2839 castris.
853 2814 890 2825 -
906 2786 1023 2858 Speciem
1039 2783 1194 2838 viventium.
1211 2784 1241 2836 ld

188 2867 260 2916 toric
282 2879 309 2918 et
328 2867 428 2920 insulas
449 2868 647 2940 appellemur,
670 2881 696 2921 et
736 2878 793 2930 est,
810 2865 840 2917 in
860 2867 978 2936 speciem
995 2866 1140 2920 viventium
1159 2883 1242 2937 equo-

192 2941 322 3011 lluitaret,
333 2945 450 3018 populus
463 2961 551 2998 tamen
561 2950 697 3000 Romanus
738 2962 805 2994 rum.
814 2945 864 2996 Hic
874 2943 1120 2996 autemsufficiebat
1130 2943 1243 3008 referre,

192 3033 220 3074 et
232 3021 269 3073 sic
281 3019 387 3092 (idest,
398 3021 536 3076 deficiente
545 3025 634 3098 praeda
645 3042 699 3095 qua
736 3039 858 3092 pugnam
867 3022 973 3072 navium
982 3021 1162 3073 Romanarum
1172 3023 1244 3076 simi-

191 3101 415 3174 triumphantium
425 3121 520 3174 agmen
531 3105 621 3156 ornari
631 3102 699 3155 sole·
739 3101 792 3152 lem
812 3100 894 3152 fuisse
915 3101 1050 3172 equestri,
1072 3101 1145 3174 quod
1165 3103 1243 3154 etiam

191 3177 256 3250 bet)
267 3177 433 3252 triumphum
446 3181 508 3252 egit.
739 3177 790 3230 Dio
813 3177 846 3230 de
864 3177 948 3232 classe
966 3179 1080 3250 Augusti
1098 3180 1178 3248 dicit,
1197 3180 1245 3234 sed

228 3255 271 3311 33.
280 3257 386 3312 lutatio
396 3259 488 3312 Cocalo
496 3257 611 3312 constsle.
621 3261 699 3310 Anno
741 3261 864 3314 omittens
885 3258 1073 3314 declamatoria
1094 3278 1121 3316 et
1141 3261 1244 3336 turgida

192 3333 271 3408 hujus
295 3336 360 3389 belli
383 3338 509 3409 vigesimo
534 3350 637 3411 quarto.
663 3365 699 3377 -
739 3337 800 3405 illa,
814 3358 872 3412 quae
883 3339 926 3392 hic
939 3341 1059 3412 appingit
1070 3341 1173 3396 Florus.

193 3415 307 3486 Ecates.
325 3415 397 3470 lnter
411 3418 528 3470 Africam
543 3429 569 3470 et
583 3415 699 3470 Siciliam
775 3419 819 3491 37.
845 3419 1051 3474 Exscindendis..
1065 3423 1183 3477 Malebat
1208 3425 1241 3476 N.

193 3507 248 3547 tres
260 3511 368 3550 numero
380 3517 445 3566 aroe,
458 3497 604 3566 errulum,
615 3518 630 3552 a
641 3499 698 3550 Vir·
738 3499 862 3554 Heinsius
876 3499 1028 3554 excidendis.
