3026 4956
342 529 405 617 ³7⁸
680 529 817 594 tuen
841 526 1049 592 ananau

340 799 681 822 mmmmmvmm
687 800 1024 822 ΜΜῊῚΜΜΊΜ
1030 799 1405 820 mmmmmfflv

784 1002 953 1078 XXIX.
1064 1079 1066 1088 .

364 1267 567 1340 STATUS
592 1268 797 1340 POPULI
822 1267 1044 1340 ROMANI
1069 1265 1209 1357 QUAS
1235 1266 1377 1338 COM-

523 1383 885 1456 MUTATIONES
911 1382 1206 1454 HABUERIT.

389 1641 546 1740 Populus
556 1647 737 1716 Romanus
747 1642 979 1743 primumsub
990 1622 1132 1743 regibus
1143 1641 1220 1714 fuit.
1236 1641 1395 1728 Deinde,

341 1771 424 1855 post
443 1757 648 1856 superbiam
667 1761 869 1860 Tarquinii,
901 1775 936 1832 et
960 1756 1098 1830 illatum
1120 1759 1294 1828 Lucretiae
1317 1773 1395 1828 stu·

341 1898 464 1972 prum,
480 1871 632 1974 expulsis
644 1875 800 1975 regibus,
815 1873 963 1948 tutelam
975 1877 1030 1946 sni,
1041 1870 1253 1946 Consulibus
1263 1870 1396 1944 Tribu-

341 1992 465 2088 nisque
484 1995 671 2063 commisit.
696 1989 835 2064 Deinde
854 1989 1046 2063 tribunitiis
1064 1987 1297 2061 seditionibus
1316 1991 1395 2087 agi-

341 2119 449 2196 tatus,
474 2104 646 2179 abdicatis
666 2106 830 2179 omnibus
850 2103 1127 2205 magistratibus,
1145 2105 1393 2190 Decemviros,

341 2217 461 2319 legum
478 2219 706 2295 ferendarum
726 2239 762 2296 et
780 2224 882 2320 Reip.
902 2209 1156 2294 constituendae'
1171 2243 1310 2308 caussa,
1333 2243 1395 2316 pa·

341 2337 443 2406 ravit.
464 2334 605 2408 Horum
622 2362 765 2436 quoque
782 2335 1064 2410 dominationem
1078 2351 1114 2407 et
1131 2331 1318 2406 libidinem
1332 2333 1397 2404 de-

342 2460 502 2535 testatus,
517 2473 635 2521 rursus
648 2447 695 2522 ad
707 2447 877 2522 Consules
889 2447 1005 2522 rediit.
1022 2450 1169 2537 Donec,
1178 2451 1310 2519 exortis
1322 2445 1394 2518 bel·

341 2556 384 2630 lis
398 2557 558 2634 civilibus
574 2566 667 2636 inter
683 2564 859 2636 Caesarem
876 2579 912 2636 et
927 2565 1157 2660 Pompeium,
1173 2575 1208 2632 et
1223 2585 1395 2658 oppressa

252 2679 253 2687 ’
342 2701 409 2774 per
428 2681 502 2749 vim
521 2676 702 2768 libertate,
727 2678 792 2752 sub
815 2682 918 2750 unius
939 2681 1084 2758 Caesaris
1105 2693 1319 2777 potestatem
1343 2703 1394 2748 re

343 2791 449 2866 dacta
459 2809 540 2866 sunt
551 2799 680 2868 omnia.
696 2797 748 2866 Ex
759 2821 802 2867 eo
815 2795 1179 2892 perpenna-Caesarina
1197 2792 1393 2866 ¹dietatura

343 2906 557 2982 dominatur.

341 3185 1393 3214 ssmmmmmmfflmmwbmfflmmmffl

796 3395 940 3470 XXX.

451 3658 678 3733 lNITlUM
704 3662 876 3735 REGNI
901 3663 1285 3736 MITHRIDATIS.

391 3915 522 4011 Cyrus,
552 3921 625 3991 Rex
655 3921 841 3992 Persarum
868 3925 1023 4020 primus,
1054 3924 1244 4019 imperium
1277 3914 1389 3988 Medis

343 4025 486 4101 ademit.
510 4035 608 4106 Duos
630 4034 721 4109 filios
745 4034 903 4135 reliquit,
925 4036 1127 4135 Cambysen
1149 4051 1184 4106 et
1207 4032 1387 4107 Smerden.

379 4240 439 4290 Car.
454 4241 628 4296 xxix-1.
644 4247 788 4302 Dictatore.
807 4249 847 4300 sic
861 4223 943 4320 'supra
956 4249 983 4301 in
997 4251 1042 4302 fin.
1059 4269 1116 4321 eap.
1131 4247 1221 4301 xvut.
