3108 4956
297 563 361 629 33η
407 565 444 626 L.
468 563 631 627 ANNAEI
654 561 802 628 FLOR!
825 562 970 628 LIBER
992 563 1233 647 QUARTUS.

297 711 470 786 aususque
484 685 630 760 tandem
641 689 758 760 Gaesar
770 689 967 787 Augustus,
979 691 1289 788 septingentesimo
1301 690 1346 763 ab

244 821 278 876 65
296 799 395 878 Urbe
405 803 549 878 condita
559 805 809 894 anno,Janum
821 805 1013 880 Geminum
1023 804 1187 898 cludere,
1198 805 1252 880 bis
1265 823 1346 880 ante

296 947 333 994 se
349 919 505 1012 clusum,
528 919 592 992 sub
607 921 724 993 Numa
744 945 846 1020 rege,
864 936 901 992 et
916 923 1010 993 victa
1027 925 1185 1021 primum
1199 920 1348 996 Cartha·

243 1055 279 1108 66
296 1036 388 1136 gine.
413 1037 507 1108 Hinc
531 1059 721 1108 conversus
744 1033 791 1108 ad
815 1061 966 1135 pacem,
991 1057 1146 1136 pronum
1169 1042 1206 1118 in
1228 1042 1347 1110 omnia

296 1147 408 1241 mala,
419 1167 455 1223 et
466 1155 503 1222 in
516 1149 691 1223 luxuriam
704 1151 816 1224 llucns
830 1149 1013 1243 soeculum,
1029 1151 1194 1252 gravibus
1206 1158 1348 1227 severis·

299 1291 369 1366 que
383 1264 521 1366 legibus
533 1265 654 1339 multis
666 1271 836 1339 coercuit.
853 1265 913 1340 Ob
927 1263 1003 1340 haec
1017 1282 1071 1340 tot
1085 1267 1180 1340 facta
1192 1271 1349 1369 ingentia

301 1415 316 1446 ι
328 1384 491 1476 Dictator
502 1397 714 1481 perpetuus,
728 1397 764 1455 et
777 1385 883 1454 Pater
893 1385 1018 1481 patriae
1032 1417 1047 1446 n
1065 1382 1190 1456 dicms.
1204 1387 1347 1458 Tracta·

296 1515 373 1571 tum
386 1502 494 1596 etiam
510 1503 547 1571 in
559 1513 701 1589 senatu,
720 1524 783 1590 an,
804 1503 889 1598 quia
905 1498 1122 1573 condidisset
1136 1505 1346 1600 imperium,

295 1611 468 1686 Romulus
482 1631 694 1689 vocaretur:
711 1613 774 1686 sed
786 1617 939 1687 sanctius
955 1631 991 1688 et
1004 1620 1220 1689 reverentius
1233 1621 1348 1690 visum

296 1743 491 1839 estnomen
503 1731 723 1828 Augusti‚ut
735 1727 870 1802 scilicet
879 1729 956 1832 jam
970 1745 1065 1820 tum,
1080 1729 1167 1805 dum
1181 1730 1267 1806 colit
1276 1747 1348 1806 ter·
1432 1729 1437 1736 “

296 1867 371 1934 ras,
387 1848 465 1943 ipso
480 1848 625 1917 nomine
642 1859 678 1919 et
691 1842 795 1916 titulo
809 1861 1086 1930 consecraretur.

406 2277 409 2282 ’
458 2265 812 2364 ROB-ERTUS
842 2264 1187 2365 GAGUINUS

411 2505 453 2582 c.
479 2503 663 2586 tuum
689 2505 857 2586 rioru
882 2505 1231 2587 tccroumus

586 2719 796 2781 SALUTEM
817 2719 1054 2782 uxorum

295 2925 387 3010 Quos
399 2924 491 2992 nulla
502 2925 537 2990 in
548 2925 644 2990 terris
657 2927 865 2992 concluserat
876 2949 950 3007 ora,
962 2927 1122 3010 Quirites,

340 3032 421 3098 Haec
433 3031 523 3100 Flori
535 3029 711 3098 obstrictos
723 3053 824 3122 parva
835 3031 957 3098 tabella
969 3033 1071 3122 capit,

295 3139 338 3214 Et
349 3163 493 3230 quaeque
506 3139 624 3206 eximia
635 3137 793 3230 produxit
804 3139 918 3206 Livius
929 3156 1017 3221 arte,

339 3243 575 3327 Bella‚‚duces,
588 3269 740 3337 pompas,
754 3247 817 3313 rite
830 3263 942 3314 coacta
953 3262 1056 3313 tenet.

294 3355 370 3436 Quo
380 3335 461 3418 rere
473 3351 640 3442 exemplo,
652 3343 746 3430 vobis
760 3369 888 3443 sperate
900 3355 1068 3434 futurum,

339 3457 406 3541 Qui
417 3459 506 3524 fama
518 3473 551 3526 et
563 3473 694 3548 quaestu
704 3459 798 3526 fertis
810 3461 844 3526 in
856 3477 943 3529 astra
955 3457 1095 3549 gradum
1105 3484 1113 3526 t

295 3567 373 3629 Post
383 3561 530 3630 tumidos
542 3564 649 3646 nisus,
662 3581 739 3656 post
750 3589 836 3632 saera
846 3566 995 3658 pericula
1007 3567 1117 3646 cortic,

340 3667 392 3736 td
404 3671 520 3738 Manes
532 3687 644 3761 raptos
657 3694 715 3738 vos
729 3671 839 3740 brevis
851 3697 934 3739 urna
946 3689 1047 3763 teget.

329 3845 372 3913 64.
380 3847 653 3924 Septiuqentest'moab
664 3851 730 3906 Urbe
738 3871 802 3906 con·
876 3849 888 3876 ⁶
912 3850 1039 3906 Clausala
1067 3849 1137 3904 Edit.
1165 3851 1252 3903 Princ.
1276 3851 1350 3903 circa

297 3927 354 3982 dtu
369 3947 449 3984 anno.
463 3929 531 3986 Vide
542 3933 703 4005 prooemium
713 3932 801 3988 libril
841 3953 942 3988 annum
964 3934 1034 4005 ¹47⁰
1055 3951 1070 3986 e
1091 3929 1171 4005 prelis
1197 3929 1351 3985 sorbonicis

296 4019 324 4064 et
339 4027 373 4061 ea
388 4029 445 4083 quse
460 4013 489 4064 in
504 4016 575 4070 uotis
596 4014 801 4089 explicavimus,
841 4016 955 4079 emissam
979 4027 1006 4066 et
1024 4010 1057 4065 ab
1078 4013 1152 4083 ipso,
1174 4023 1206 4064 ut
1225 4007 1350 4078 videtur,

297 4091 503 4163 cuprum-65.
532 4155 535 4162 ¹
843 4094 1126 4168 Gaquinorecognitae.

677 4254 965 4288 *um-—
