<?xml version="1.0" encoding="UTF-8"?>
<!DOCTYPE html PUBLIC "-//W3C//DTD XHTML 1.0 Transitional//EN"
    "http://www.w3.org/TR/xhtml1/DTD/xhtml1-transitional.dtd">
<html xmlns="http://www.w3.org/1999/xhtml" xml:lang="en" lang="en">
 <head>
  <title>
</title>
<meta http-equiv="Content-Type" content="text/html;charset=utf-8" />
  <meta name='ocr-system' content='tesseract 3.04.00' />
  <meta name='ocr-capabilities' content='ocr_page ocr_carea ocr_par ocr_line ocrx_word'/>
</head>
<body>
  <div class='ocr_page' id='page_1' title='image "./luciiannaeiflor00lemagoog_0274.png"; bbox 0 0 3160 4948; ppageno 0'>
   <div class='ocr_carea' id='block_1_1' title="bbox 543 419 1257 516">
    <p class='ocr_par' dir='ltr' id='par_1_1' title="bbox 543 419 1257 516">
     <span class='ocr_line' id='line_1_1' title="bbox 543 419 1257 516; baseline 0.015 -34"><span class='ocrx_word' id='word_1_1' title='bbox 543 419 687 484; x_wconf 73' lang='lat' dir='ltr'>arnan</span> <span class='ocrx_word' id='word_1_2' title='bbox 709 419 932 487; x_wconf 71' lang='lat' dir='ltr'>rnn&#39;rrus.</span> <span class='ocrx_word' id='word_1_3' title='bbox 1195 429 1257 516; x_wconf 81' lang='lat'>259</span> 
     </span>
    </p>
   </div>
   <div class='ocr_carea' id='block_1_2' title="bbox 213 537 1367 2492">
    <p class='ocr_par' dir='ltr' id='par_1_2' title="bbox 213 537 1367 2492">
     <span class='ocr_line' id='line_1_2' title="bbox 218 537 1258 635; baseline 0.009 -21"><span class='ocrx_word' id='word_1_4' title='bbox 218 567 319 614; x_wconf 88' lang='lat' dir='ltr'>mum</span> <span class='ocrx_word' id='word_1_5' title='bbox 334 537 465 612; x_wconf 89' lang='lat' dir='ltr'>Servile</span> <span class='ocrx_word' id='word_1_6' title='bbox 483 537 617 614; x_wconf 88' lang='lat' dir='ltr'>bellum</span> <span class='ocrx_word' id='word_1_7' title='bbox 636 543 727 614; x_wconf 86' lang='lat' dir='ltr'>inter</span> <span class='ocrx_word' id='word_1_8' title='bbox 739 545 839 617; x_wconf 86' lang='lat' dir='ltr'>initia</span> <span class='ocrx_word' id='word_1_9' title='bbox 854 542 978 635; x_wconf 80' lang='lat' dir='ltr'><strong>Urbis,</strong></span> <span class='ocrx_word' id='word_1_10' title='bbox 997 545 1181 621; x_wconf 90' lang='lat' dir='ltr'>Herdonio</span> <span class='ocrx_word' id='word_1_11' title='bbox 1197 549 1258 622; x_wconf 86' lang='lat' dir='ltr'>Sa-</span> 
     </span>
     <span class='ocr_line' id='line_1_3' title="bbox 218 653 1257 760; baseline 0.006 -30"><span class='ocrx_word' id='word_1_12' title='bbox 218 657 303 730; x_wconf 89' lang='lat' dir='ltr'>bino</span> <span class='ocrx_word' id='word_1_13' title='bbox 325 653 435 744; x_wconf 86' lang='lat' dir='ltr'>duce,</span> <span class='ocrx_word' id='word_1_14' title='bbox 456 659 493 726; x_wconf 94' lang='lat' dir='ltr'>in</span> <span class='ocrx_word' id='word_1_15' title='bbox 509 658 585 754; x_wconf 87' lang='lat' dir='ltr'>ipsa</span> <span class='ocrx_word' id='word_1_16' title='bbox 601 654 699 728; x_wconf 83' lang='lat' dir='ltr'>Urbe</span> <span class='ocrx_word' id='word_1_17' title='bbox 719 673 894 729; x_wconf 83' lang='lat' dir='ltr'>tentatum</span> <span class='ocrx_word' id='word_1_18' title='bbox 914 673 983 749; x_wconf 79' lang='lat' dir='ltr'>est,</span> <span class='ocrx_word' id='word_1_19' title='bbox 1004 684 1132 760; x_wconf 87' lang='lat' dir='ltr'>quum,</span> <span class='ocrx_word' id='word_1_20' title='bbox 1153 687 1257 737; x_wconf 89' lang='lat' dir='ltr'>occu-</span> 
     </span>
     <span class='ocr_line' id='line_1_4' title="bbox 217 769 1257 872; baseline 0.007 -28"><span class='ocrx_word' id='word_1_21' title='bbox 217 789 301 870; x_wconf 84' lang='lat' dir='ltr'>pata</span> <span class='ocrx_word' id='word_1_22' title='bbox 319 769 508 844; x_wconf 79' lang='lat' dir='ltr'>tribunitiis</span> <span class='ocrx_word' id='word_1_23' title='bbox 528 769 757 844; x_wconf 85' lang='lat' dir='ltr'>seditionibus</span> <span class='ocrx_word' id='word_1_24' title='bbox 773 775 935 864; x_wconf 85' lang='lat' dir='ltr'>civitate,</span> <span class='ocrx_word' id='word_1_25' title='bbox 958 771 1173 872; x_wconf 74' lang='lat' dir='ltr'>Capitolium</span> <span class='ocrx_word' id='word_1_26' title='bbox 1195 777 1257 851; x_wconf 91' lang='lat' dir='ltr'>ob-</span> 
     </span>
     <span class='ocr_line' id='line_1_5' title="bbox 217 885 1257 986; baseline 0.004 -24"><span class='ocrx_word' id='word_1_27' title='bbox 217 914 347 962; x_wconf 86' lang='lat' dir='ltr'>sessum</span> <span class='ocrx_word' id='word_1_28' title='bbox 370 901 441 977; x_wconf 90' lang='lat' dir='ltr'>est,</span> <span class='ocrx_word' id='word_1_29' title='bbox 464 900 500 957; x_wconf 91' lang='lat' dir='ltr'>et</span> <span class='ocrx_word' id='word_1_30' title='bbox 521 911 543 958; x_wconf 85' lang='lat' dir='ltr'>a</span> <span class='ocrx_word' id='word_1_31' title='bbox 565 885 708 960; x_wconf 87' lang='lat' dir='ltr'>consule</span> <span class='ocrx_word' id='word_1_32' title='bbox 731 903 901 986; x_wconf 86' lang='lat' dir='ltr'>captum:</span> <span class='ocrx_word' id='word_1_33' title='bbox 922 887 985 962; x_wconf 90' lang='lat' dir='ltr'>sed</span> <span class='ocrx_word' id='word_1_34' title='bbox 1006 887 1064 962; x_wconf 93' lang='lat' dir='ltr'>hic</span> <span class='ocrx_word' id='word_1_35' title='bbox 1087 893 1257 966; x_wconf 86' lang='lat' dir='ltr'>tumultus</span> 
     </span>
     <span class='ocr_line' id='line_1_6' title="bbox 216 999 1258 1105; baseline 0.006 -29"><span class='ocrx_word' id='word_1_36' title='bbox 216 1007 327 1102; x_wconf 78' lang='lat' dir='ltr'>magis</span> <span class='ocrx_word' id='word_1_37' title='bbox 342 999 427 1092; x_wconf 87' lang='lat' dir='ltr'>fuit,</span> <span class='ocrx_word' id='word_1_38' title='bbox 444 1028 552 1102; x_wconf 86' lang='lat' dir='ltr'>quam</span> <span class='ocrx_word' id='word_1_39' title='bbox 571 1000 715 1076; x_wconf 89' lang='lat' dir='ltr'>bellurn.</span> <span class='ocrx_word' id='word_1_40' title='bbox 737 1005 842 1093; x_wconf 86' lang='lat' dir='ltr'>Mox,</span> <span class='ocrx_word' id='word_1_41' title='bbox 861 1009 1012 1104; x_wconf 88' lang='lat' dir='ltr'>imperio</span> <span class='ocrx_word' id='word_1_42' title='bbox 1032 1030 1098 1105; x_wconf 89' lang='lat' dir='ltr'>per</span> <span class='ocrx_word' id='word_1_43' title='bbox 1118 1005 1258 1082; x_wconf 84' lang='lat' dir='ltr'>diversa</span> 
     </span>
     <span class='ocr_line' id='line_1_7' title="bbox 215 1117 1256 1218; baseline 0.005 -26"><span class='ocrx_word' id='word_1_44' title='bbox 215 1137 392 1192; x_wconf 84' lang='lat' dir='ltr'>terrarum</span> <span class='ocrx_word' id='word_1_45' title='bbox 423 1134 624 1218; x_wconf 88' lang='lat' dir='ltr'>occupato,</span> <span class='ocrx_word' id='word_1_46' title='bbox 657 1122 735 1218; x_wconf 90' lang='lat' dir='ltr'>quis</span> <span class='ocrx_word' id='word_1_47' title='bbox 769 1117 930 1192; x_wconf 87' lang='lat' dir='ltr'>crederet</span> <span class='ocrx_word' id='word_1_48' title='bbox 958 1117 1112 1194; x_wconf 87' lang='lat' dir='ltr'>Siciliam</span> <span class='ocrx_word' id='word_1_49' title='bbox 1142 1123 1256 1197; x_wconf 90' lang='lat' dir='ltr'>multo</span> 
     </span>
     <span class='ocr_line' id='line_1_8' title="bbox 217 1233 1209 1335; baseline 0.002 -27"><span class='ocrx_word' id='word_1_50' title='bbox 217 1239 394 1308; x_wconf 83' lang='lat' dir='ltr'>cruentius</span> <span class='ocrx_word' id='word_1_51' title='bbox 404 1233 540 1324; x_wconf 85' lang='lat' dir='ltr'>servili,</span> <span class='ocrx_word' id='word_1_52' title='bbox 554 1259 662 1335; x_wconf 84' lang='lat' dir='ltr'>quam</span> <span class='ocrx_word' id='word_1_53' title='bbox 675 1237 808 1308; x_wconf 87' lang='lat' dir='ltr'>Punico</span> <span class='ocrx_word' id='word_1_54' title='bbox 822 1233 918 1308; x_wconf 88' lang='lat' dir='ltr'>bello</span> <span class='ocrx_word' id='word_1_55' title='bbox 933 1261 1006 1308; x_wconf 88' lang='lat' dir='ltr'>esse</span> <span class='ocrx_word' id='word_1_56' title='bbox 1019 1238 1209 1310; x_wconf 83' lang='lat' dir='ltr'>vastatam?</span> 
     </span>
     <span class='ocr_line' id='line_1_9' title="bbox 262 1347 1288 1449; baseline 0 -29"><span class='ocrx_word' id='word_1_57' title='bbox 262 1351 374 1422; x_wconf 83' lang='lat' dir='ltr'>Terra</span> <span class='ocrx_word' id='word_1_58' title='bbox 397 1347 541 1447; x_wconf 78' lang='lat' dir='ltr'>frugum</span> <span class='ocrx_word' id='word_1_59' title='bbox 564 1348 679 1439; x_wconf 86' lang='lat' dir='ltr'>ferax,</span> <span class='ocrx_word' id='word_1_60' title='bbox 707 1367 742 1422; x_wconf 90' lang='lat' dir='ltr'>et</span> <span class='ocrx_word' id='word_1_61' title='bbox 763 1349 1033 1449; x_wconf 88' lang='lat' dir='ltr'>quodammodo</span> <span class='ocrx_word' id='word_1_62' title='bbox 1053 1351 1288 1426; x_wconf 77' lang='lat' dir='ltr'>suburbanas</span> 
     </span>
     <span class='ocr_line' id='line_1_10' title="bbox 216 1462 1255 1564; baseline 0.005 -27"><span class='ocrx_word' id='word_1_63' title='bbox 216 1467 417 1564; x_wconf 88' lang='lat' dir='ltr'>provincia,</span> <span class='ocrx_word' id='word_1_64' title='bbox 433 1462 627 1538; x_wconf 83' lang='lat' dir='ltr'>latifundiis</span> <span class='ocrx_word' id='word_1_65' title='bbox 645 1468 774 1538; x_wconf 89' lang='lat' dir='ltr'>civium</span> <span class='ocrx_word' id='word_1_66' title='bbox 795 1469 1036 1540; x_wconf 85' lang='lat' dir='ltr'>Romanorum</span> <span class='ocrx_word' id='word_1_67' title='bbox 1056 1467 1255 1542; x_wconf 85' lang='lat' dir='ltr'>tenebatur.</span> 
     </span>
     <span class='ocr_line' id='line_1_11' title="bbox 216 1579 1256 1685; baseline 0.005 -33"><span class='ocrx_word' id='word_1_68' title='bbox 216 1583 285 1654; x_wconf 92' lang='lat' dir='ltr'>Hic</span> <span class='ocrx_word' id='word_1_69' title='bbox 300 1579 345 1654; x_wconf 86' lang='lat' dir='ltr'>ad</span> <span class='ocrx_word' id='word_1_70' title='bbox 363 1579 497 1654; x_wconf 90' lang='lat' dir='ltr'>cultum</span> <span class='ocrx_word' id='word_1_71' title='bbox 513 1585 587 1680; x_wconf 78' lang='lat' dir='ltr'>agri</span> <span class='ocrx_word' id='word_1_72' title='bbox 606 1580 805 1680; x_wconf 86' lang='lat' dir='ltr'>frequentia</span> <span class='ocrx_word' id='word_1_73' title='bbox 822 1582 1014 1681; x_wconf 74' lang='lat' dir='ltr'>ergastula,</span> <span class='ocrx_word' id='word_1_74' title='bbox 1034 1589 1256 1685; x_wconf 82' lang='lat' dir='ltr'>catenatique</span> 
     </span>
     <span class='ocr_line' id='line_1_12' title="bbox 216 1692 1290 1797; baseline 0.003 -27"><span class='ocrx_word' id='word_1_75' title='bbox 216 1695 386 1788; x_wconf 89' lang='lat' dir='ltr'>cultores,</span> <span class='ocrx_word' id='word_1_76' title='bbox 402 1700 588 1770; x_wconf 84' lang='lat' dir='ltr'>materiam</span> <span class='ocrx_word' id='word_1_77' title='bbox 600 1692 695 1769; x_wconf 88' lang='lat' dir='ltr'>bello</span> <span class='ocrx_word' id='word_1_78' title='bbox 708 1696 901 1795; x_wconf 80' lang='lat' dir='ltr'>praebuere.</span> <span class='ocrx_word' id='word_1_79' title='bbox 917 1696 1024 1796; x_wconf 82' lang='lat' dir='ltr'>Syrus</span> <span class='ocrx_word' id='word_1_80' title='bbox 1037 1697 1183 1797; x_wconf 90' lang='lat' dir='ltr'>quidam</span> <span class='ocrx_word' id='word_1_81' title='bbox 1194 1717 1290 1785; x_wconf 69' lang='lat' dir='ltr'>not</span> 
     </span>
     <span class='ocr_line' id='line_1_13' title="bbox 217 1808 1255 1910; baseline 0.002 -26"><span class='ocrx_word' id='word_1_82' title='bbox 217 1816 312 1884; x_wconf 88' lang='lat' dir='ltr'>mine</span> <span class='ocrx_word' id='word_1_83' title='bbox 327 1815 444 1884; x_wconf 87' lang='lat' dir='ltr'>Eunus</span> <span class='ocrx_word' id='word_1_84' title='bbox 462 1808 686 1910; x_wconf 72' lang='lat' dir='ltr'>(magnitudo</span> <span class='ocrx_word' id='word_1_85' title='bbox 706 1808 860 1883; x_wconf 86' lang='lat' dir='ltr'>cladium</span> <span class='ocrx_word' id='word_1_86' title='bbox 875 1810 978 1899; x_wconf 84' lang='lat' dir='ltr'>facit,</span> <span class='ocrx_word' id='word_1_87' title='bbox 1000 1828 1041 1884; x_wconf 88' lang='lat' dir='ltr'>ut</span> <span class='ocrx_word' id='word_1_88' title='bbox 1057 1817 1255 1886; x_wconf 88' lang='lat' dir='ltr'>memineri-</span> 
     </span>
     <span class='ocr_line' id='line_1_14' title="bbox 217 1923 1256 2035; baseline 0 -33"><span class='ocrx_word' id='word_1_89' title='bbox 217 1931 327 2025; x_wconf 86' lang='lat' dir='ltr'>mus),</span> <span class='ocrx_word' id='word_1_90' title='bbox 340 1926 494 2001; x_wconf 85' lang='lat' dir='ltr'>fanatico</span> <span class='ocrx_word' id='word_1_91' title='bbox 506 1925 626 2000; x_wconf 82' lang='lat' dir='ltr'>furore</span> <span class='ocrx_word' id='word_1_92' title='bbox 638 1923 819 2016; x_wconf 87' lang='lat' dir='ltr'>simulato,</span> <span class='ocrx_word' id='word_1_93' title='bbox 832 1925 919 1998; x_wconf 87' lang='lat' dir='ltr'>dum</span> <span class='ocrx_word' id='word_1_94' title='bbox 930 1927 1038 2035; x_wconf 75' lang='lat' dir='ltr'>Syriae</span> <span class='ocrx_word' id='word_1_95' title='bbox 1049 1927 1125 2000; x_wconf 83' lang='lat' dir='ltr'>deae</span> <span class='ocrx_word' id='word_1_96' title='bbox 1136 1953 1256 2003; x_wconf 82' lang='lat' dir='ltr'>comas</span> 
     </span>
     <span class='ocr_line' id='line_1_15' title="bbox 213 2039 1256 2143; baseline 0 -25"><span class='ocrx_word' id='word_1_97' title='bbox 213 2043 341 2143; x_wconf 83' lang='lat' dir='ltr'>jactat,</span> <span class='ocrx_word' id='word_1_98' title='bbox 359 2041 406 2116; x_wconf 90' lang='lat' dir='ltr'>ad</span> <span class='ocrx_word' id='word_1_99' title='bbox 423 2039 623 2116; x_wconf 84' lang='lat' dir='ltr'>libertatem</span> <span class='ocrx_word' id='word_1_100' title='bbox 641 2055 677 2112; x_wconf 89' lang='lat' dir='ltr'>et</span> <span class='ocrx_word' id='word_1_101' title='bbox 689 2065 789 2114; x_wconf 87' lang='lat' dir='ltr'>arma</span> <span class='ocrx_word' id='word_1_102' title='bbox 801 2066 936 2132; x_wconf 86' lang='lat' dir='ltr'>servos,</span> <span class='ocrx_word' id='word_1_103' title='bbox 953 2045 1053 2142; x_wconf 84' lang='lat' dir='ltr'>quasi</span> <span class='ocrx_word' id='word_1_104' title='bbox 1070 2047 1256 2118; x_wconf 88' lang='lat' dir='ltr'>numinum</span> 
     </span>
     <span class='ocr_line' id='line_1_16' title="bbox 216 2155 1367 2260; baseline -0.003 -26"><span class='ocrx_word' id='word_1_105' title='bbox 216 2163 386 2260; x_wconf 86' lang='lat' dir='ltr'>imperio,</span> <span class='ocrx_word' id='word_1_106' title='bbox 402 2161 610 2246; x_wconf 81' lang='lat' dir='ltr'>concitavit3</span> <span class='ocrx_word' id='word_1_107' title='bbox 626 2155 733 2256; x_wconf 85' lang='lat' dir='ltr'>idque</span> <span class='ocrx_word' id='word_1_108' title='bbox 744 2172 784 2226; x_wconf 90' lang='lat' dir='ltr'>ut</span> <span class='ocrx_word' id='word_1_109' title='bbox 798 2155 962 2229; x_wconf 85' lang='lat' dir='ltr'>divinitus</span> <span class='ocrx_word' id='word_1_110' title='bbox 974 2156 1052 2229; x_wconf 91' lang='lat' dir='ltr'>fieri</span> <span class='ocrx_word' id='word_1_111' title='bbox 1065 2157 1253 2256; x_wconf 87' lang='lat' dir='ltr'>probaret,</span> <span class='ocrx_word' id='word_1_112' title='bbox 1272 2183 1288 2236; x_wconf 84' lang='lat' dir='ltr'>s</span> <span class='ocrx_word' id='word_1_113' title='bbox 1361 2217 1367 2230; x_wconf 86' lang='lat'>.</span> 
     </span>
     <span class='ocr_line' id='line_1_17' title="bbox 217 2269 1254 2372; baseline -0.001 -24"><span class='ocrx_word' id='word_1_114' title='bbox 217 2281 253 2348; x_wconf 92' lang='lat' dir='ltr'>in</span> <span class='ocrx_word' id='word_1_115' title='bbox 268 2302 330 2348; x_wconf 91' lang='lat' dir='ltr'>ore</span> <span class='ocrx_word' id='word_1_116' title='bbox 342 2274 462 2348; x_wconf 85' lang='lat' dir='ltr'>abdita</span> <span class='ocrx_word' id='word_1_117' title='bbox 473 2300 581 2364; x_wconf 85' lang='lat' dir='ltr'>nuce,</span> <span class='ocrx_word' id='word_1_118' title='bbox 598 2298 707 2372; x_wconf 85' lang='lat' dir='ltr'>quam</span> <span class='ocrx_word' id='word_1_119' title='bbox 722 2269 890 2368; x_wconf 85' lang='lat' dir='ltr'>sulphure</span> <span class='ocrx_word' id='word_1_120' title='bbox 904 2288 940 2343; x_wconf 90' lang='lat' dir='ltr'>et</span> <span class='ocrx_word' id='word_1_121' title='bbox 951 2275 1031 2371; x_wconf 76' lang='lat' dir='ltr'>igne</span> <span class='ocrx_word' id='word_1_122' title='bbox 1047 2277 1254 2371; x_wconf 84' lang='lat' dir='ltr'>stipaverat,</span> 
     </span>
     <span class='ocr_line' id='line_1_18' title="bbox 216 2385 1288 2492; baseline 0 -27"><span class='ocrx_word' id='word_1_123' title='bbox 216 2392 342 2466; x_wconf 85' lang='lat' dir='ltr'>leniter</span> <span class='ocrx_word' id='word_1_124' title='bbox 355 2395 545 2492; x_wconf 83' lang='lat' dir='ltr'>inspirans,</span> <span class='ocrx_word' id='word_1_125' title='bbox 560 2388 741 2462; x_wconf 85' lang='lat' dir='ltr'>flammam</span> <span class='ocrx_word' id='word_1_126' title='bbox 752 2390 845 2458; x_wconf 89' lang='lat' dir='ltr'>inter</span> <span class='ocrx_word' id='word_1_127' title='bbox 853 2386 962 2460; x_wconf 83' lang='lat' dir='ltr'>verbe</span> <span class='ocrx_word' id='word_1_128' title='bbox 976 2385 1157 2462; x_wconf 84' lang='lat' dir='ltr'>fundebat.</span> <span class='ocrx_word' id='word_1_129' title='bbox 1174 2391 1254 2465; x_wconf 90' lang='lat' dir='ltr'>Hoc</span> <span class='ocrx_word' id='word_1_130' title='bbox 1271 2413 1288 2464; x_wconf 84' lang='lat' dir='ltr'>s</span> 
     </span>
    </p>
   </div>
   <div class='ocr_carea' id='block_1_3' title="bbox 215 2543 1276 4204">
    <p class='ocr_par' dir='ltr' id='par_1_3' title="bbox 215 2543 1276 4204">
     <span class='ocr_line' id='line_1_19' title="bbox 217 2543 1256 2618; baseline 0.001 -18"><span class='ocrx_word' id='word_1_131' title='bbox 217 2547 277 2600; x_wconf 89' lang='lat' dir='ltr'>loco</span> <span class='ocrx_word' id='word_1_132' title='bbox 287 2547 393 2600; x_wconf 83' lang='lat' dir='ltr'>demum</span> <span class='ocrx_word' id='word_1_133' title='bbox 401 2549 562 2600; x_wconf 81' lang='lat' dir='ltr'>mentionem</span> <span class='ocrx_word' id='word_1_134' title='bbox 569 2548 631 2600; x_wconf 78' lang='lat' dir='ltr'>fecit</span> <span class='ocrx_word' id='word_1_135' title='bbox 638 2546 714 2618; x_wconf 87' lang='lat' dir='ltr'>primi</span> <span class='ocrx_word' id='word_1_136' title='bbox 755 2543 1006 2616; x_wconf 81' lang='lat' dir='ltr'>secerdoteecorripi</span> <span class='ocrx_word' id='word_1_137' title='bbox 1014 2546 1186 2617; x_wconf 72' lang='lat' dir='ltr'>putabantur,</span> <span class='ocrx_word' id='word_1_138' title='bbox 1196 2567 1256 2602; x_wconf 80' lang='lat' dir='ltr'>ora-</span> 
     </span>
     <span class='ocr_line' id='line_1_20' title="bbox 218 2621 1255 2698; baseline -0.003 -18"><span class='ocrx_word' id='word_1_139' title='bbox 218 2627 468 2692; x_wconf 62' lang='lat' dir='ltr'>scailmannus,</span> <span class='ocrx_word' id='word_1_140' title='bbox 484 2627 600 2698; x_wconf 78' lang='lat' dir='ltr'>quamvis</span> <span class='ocrx_word' id='word_1_141' title='bbox 613 2629 635 2680; x_wconf 81' lang='lat' dir='ltr'>is</span> <span class='ocrx_word' id='word_1_142' title='bbox 649 2627 716 2680; x_wconf 68' lang='lat' dir='ltr'>inci-s</span> <span class='ocrx_word' id='word_1_143' title='bbox 754 2622 842 2676; x_wconf 77' lang='lat' dir='ltr'>culum</span> <span class='ocrx_word' id='word_1_144' title='bbox 852 2621 959 2675; x_wconf 82' lang='lat' dir='ltr'>edituri:</span> <span class='ocrx_word' id='word_1_145' title='bbox 965 2622 1047 2695; x_wconf 81' lang='lat' dir='ltr'>furor</span> <span class='ocrx_word' id='word_1_146' title='bbox 1054 2638 1081 2677; x_wconf 88' lang='lat' dir='ltr'>et</span> <span class='ocrx_word' id='word_1_147' title='bbox 1084 2625 1175 2696; x_wconf 63' lang='grc' dir='ltr'>ῥιπὴ·</span> <span class='ocrx_word' id='word_1_148' title='bbox 1180 2645 1255 2697; x_wconf 80' lang='lat' dir='ltr'>,pm-</span> 
     </span>
     <span class='ocr_line' id='line_1_21' title="bbox 217 2703 1255 2776; baseline 0 -18"><span class='ocrx_word' id='word_1_149' title='bbox 217 2703 255 2758; x_wconf 85' lang='lat' dir='ltr'>dit</span> <span class='ocrx_word' id='word_1_150' title='bbox 265 2708 293 2758; x_wconf 86' lang='lat' dir='ltr'>in</span> <span class='ocrx_word' id='word_1_151' title='bbox 304 2723 374 2759; x_wconf 81' lang='lat' dir='ltr'>anno</span> <span class='ocrx_word' id='word_1_152' title='bbox 383 2705 462 2758; x_wconf 81' lang='lat' dir='ltr'>Urbis</span> <span class='ocrx_word' id='word_1_153' title='bbox 474 2705 533 2774; x_wconf 79' lang='lat'>²93·</span> <span class='ocrx_word' id='word_1_154' title='bbox 546 2706 597 2756; x_wconf 78' lang='lat' dir='ltr'>iles</span> <span class='ocrx_word' id='word_1_155' title='bbox 606 2716 662 2756; x_wconf 82' lang='lat' dir='ltr'>erat</span> <span class='ocrx_word' id='word_1_156' title='bbox 671 2705 717 2767; x_wconf 50' lang='lat' dir='ltr'>mis</span> <span class='ocrx_word' id='word_1_157' title='bbox 753 2704 812 2772; x_wconf 77' lang='lat' dir='ltr'>prio</span> <span class='ocrx_word' id='word_1_158' title='bbox 820 2705 899 2754; x_wconf 80' lang='lat' dir='ltr'>etiem</span> <span class='ocrx_word' id='word_1_159' title='bbox 907 2703 1050 2756; x_wconf 79' lang='lat' dir='ltr'>euntverbs</span> <span class='ocrx_word' id='word_1_160' title='bbox 1057 2706 1255 2776; x_wconf 76' lang='lat' dir='ltr'>inspiratorum,</span> 
     </span>
     <span class='ocr_line' id='line_1_22' title="bbox 216 2781 1256 2854; baseline -0.004 -17"><span class='ocrx_word' id='word_1_161' title='bbox 216 2788 287 2839; x_wconf 80' lang='lat' dir='ltr'>noris</span> <span class='ocrx_word' id='word_1_162' title='bbox 298 2786 439 2850; x_wconf 77' lang='lat' dir='ltr'>momenti,</span> <span class='ocrx_word' id='word_1_163' title='bbox 452 2803 500 2836; x_wconf 85' lang='lat' dir='ltr'>nec</span> <span class='ocrx_word' id='word_1_164' title='bbox 510 2783 588 2854; x_wconf 70' lang='lat' dir='ltr'>digne</span> <span class='ocrx_word' id='word_1_165' title='bbox 601 2802 656 2854; x_wconf 77' lang='lat' dir='ltr'>que</span> <span class='ocrx_word' id='word_1_166' title='bbox 668 2803 716 2854; x_wconf 87' lang='lat' dir='ltr'>pe·</span> <span class='ocrx_word' id='word_1_167' title='bbox 754 2797 807 2852; x_wconf 68' lang='lat' dir='ltr'>quo</span> <span class='ocrx_word' id='word_1_168' title='bbox 822 2796 847 2834; x_wconf 84' lang='lat' dir='ltr'>et</span> <span class='ocrx_word' id='word_1_169' title='bbox 864 2783 946 2834; x_wconf 76' lang='lat' dir='ltr'>Greci</span> <span class='ocrx_word' id='word_1_170' title='bbox 955 2781 1050 2847; x_wconf 64' lang='lat' dir='ltr'>pimus</span> <span class='ocrx_word' id='word_1_171' title='bbox 1063 2782 1188 2838; x_wconf 79' lang='lat' dir='ltr'>dixerunt</span> <span class='ocrx_word' id='word_1_172' title='bbox 1203 2784 1256 2838; x_wconf 65' lang='lat' dir='ltr'>iul</span> 
     </span>
     <span class='ocr_line' id='line_1_23' title="bbox 216 2860 1255 2932; baseline -0.004 -15"><span class='ocrx_word' id='word_1_173' title='bbox 216 2864 309 2918; x_wconf 74' lang='lat' dir='ltr'>culisti</span> <span class='ocrx_word' id='word_1_174' title='bbox 327 2865 389 2918; x_wconf 85' lang='lat' dir='ltr'>ioco</span> <span class='ocrx_word' id='word_1_175' title='bbox 407 2866 435 2914; x_wconf 91' lang='lat' dir='ltr'>in</span> <span class='ocrx_word' id='word_1_176' title='bbox 453 2863 574 2932; x_wconf 79' lang='lat' dir='ltr'>epitomis</span> <span class='ocrx_word' id='word_1_177' title='bbox 594 2861 715 2914; x_wconf 70' lang='lat' dir='ltr'>secunda</span> <span class='ocrx_word' id='word_1_178' title='bbox 753 2860 794 2914; x_wconf 67' lang='lat' dir='ltr'>eir</span> <span class='ocrx_word' id='word_1_179' title='bbox 803 2861 898 2924; x_wconf 60' lang='lat' dir='ltr'>partae.</span> <span class='ocrx_word' id='word_1_180' title='bbox 913 2891 949 2902; x_wconf 92' lang='lat'><em>-</em></span> <span class='ocrx_word' id='word_1_181' title='bbox 963 2861 1032 2914; x_wconf 82' lang='lat' dir='ltr'>Dum</span> <span class='ocrx_word' id='word_1_182' title='bbox 1048 2863 1130 2932; x_wconf 70' lang='lat' dir='ltr'>Syrioe</span> <span class='ocrx_word' id='word_1_183' title='bbox 1145 2864 1200 2918; x_wconf 72' lang='lat' dir='ltr'>dee</span> <span class='ocrx_word' id='word_1_184' title='bbox 1211 2883 1255 2918; x_wconf 78' lang='grc' dir='ltr'>ω-</span> 
     </span>
     <span class='ocr_line' id='line_1_24' title="bbox 216 2940 1255 3012; baseline 0.001 -17"><span class='ocrx_word' id='word_1_185' title='bbox 216 2945 300 2995; x_wconf 70' lang='lat' dir='ltr'>nterit</span> <span class='ocrx_word' id='word_1_186' title='bbox 330 2953 587 2992; x_wconf 80' lang='lat' dir='ltr'>commemoraretur.</span> <span class='ocrx_word' id='word_1_187' title='bbox 624 2943 715 3012; x_wconf 82' lang='lat' dir='ltr'>itaque</span> <span class='ocrx_word' id='word_1_188' title='bbox 754 2956 809 2992; x_wconf 83' lang='lat' dir='ltr'>mos</span> <span class='ocrx_word' id='word_1_189' title='bbox 810 2940 904 3010; x_wconf 69' lang='lat' dir='ltr'>jactat.</span> <span class='ocrx_word' id='word_1_190' title='bbox 916 2941 1002 2993; x_wconf 71' lang='lat' dir='ltr'>Iocus</span> <span class='ocrx_word' id='word_1_191' title='bbox 1011 2941 1148 2995; x_wconf 82' lang='lat' dir='ltr'>intellectu</span> <span class='ocrx_word' id='word_1_192' title='bbox 1157 2942 1255 2996; x_wconf 77' lang='lat' dir='ltr'>diffici-</span> 
     </span>
     <span class='ocr_line' id='line_1_25' title="bbox 215 3017 1256 3091; baseline 0.004 -19"><span class='ocrx_word' id='word_1_193' title='bbox 215 3017 715 3083; x_wconf 77' lang='lat' dir='ltr'>eombuicloooreservarit,similibus·</span> <span class='ocrx_word' id='word_1_194' title='bbox 755 3017 794 3070; x_wconf 80' lang='lat' dir='ltr'>lu.</span> <span class='ocrx_word' id='word_1_195' title='bbox 813 3020 984 3071; x_wconf 78' lang='lat' dir='ltr'>Notissimum</span> <span class='ocrx_word' id='word_1_196' title='bbox 1001 3039 1107 3091; x_wconf 74' lang='lat' dir='ltr'>prorem</span> <span class='ocrx_word' id='word_1_197' title='bbox 1126 3021 1256 3090; x_wconf 70' lang='lat' dir='ltr'>fanaticos</span> 
     </span>
     <span class='ocr_line' id='line_1_26' title="bbox 217 3095 1252 3172; baseline 0.002 -20"><span class='ocrx_word' id='word_1_198' title='bbox 217 3098 342 3172; x_wconf 85' lang='lat' dir='ltr'>qne,sed</span> <span class='ocrx_word' id='word_1_199' title='bbox 350 3097 494 3166; x_wconf 74' lang='lat' dir='ltr'>majoribus</span> <span class='ocrx_word' id='word_1_200' title='bbox 502 3096 579 3149; x_wconf 83' lang='lat' dir='ltr'>rebus</span> <span class='ocrx_word' id='word_1_201' title='bbox 587 3095 715 3168; x_wconf 77' lang='lat' dir='ltr'>adjunxit.</span> <span class='ocrx_word' id='word_1_202' title='bbox 755 3113 858 3148; x_wconf 81' lang='lat' dir='ltr'>comem</span> <span class='ocrx_word' id='word_1_203' title='bbox 879 3110 905 3150; x_wconf 92' lang='lat' dir='ltr'>et</span> <span class='ocrx_word' id='word_1_204' title='bbox 925 3111 1005 3169; x_wconf 83' lang='lat' dir='ltr'>caput</span> <span class='ocrx_word' id='word_1_205' title='bbox 1021 3102 1122 3170; x_wconf 78' lang='lat' dir='ltr'>jactare</span> <span class='ocrx_word' id='word_1_206' title='bbox 1143 3102 1252 3157; x_wconf 73' lang='lat' dir='ltr'>soiitoor</span> 
     </span>
     <span class='ocr_line' id='line_1_27' title="bbox 216 3174 1255 3254; baseline 0.005 -25"><span class='ocrx_word' id='word_1_207' title='bbox 216 3209 251 3220; x_wconf 84' lang='lat'><em>-</em></span> <span class='ocrx_word' id='word_1_208' title='bbox 261 3178 333 3231; x_wconf 76' lang='lat' dir='ltr'>Mox.</span> <span class='ocrx_word' id='word_1_209' title='bbox 344 3177 378 3228; x_wconf 81' lang='lat' dir='ltr'>At</span> <span class='ocrx_word' id='word_1_210' title='bbox 390 3174 495 3228; x_wconf 89' lang='lat' dir='ltr'>deinde.</span> <span class='ocrx_word' id='word_1_211' title='bbox 678 3203 686 3222; x_wconf 56' lang='grc' dir='ltr'><strong>ε</strong></span> <span class='ocrx_word' id='word_1_212' title='bbox 755 3187 781 3227; x_wconf 83' lang='lat' dir='ltr'>nt</span> <span class='ocrx_word' id='word_1_213' title='bbox 797 3195 850 3248; x_wconf 88' lang='lat' dir='ltr'>qno</span> <span class='ocrx_word' id='word_1_214' title='bbox 864 3194 942 3228; x_wconf 78' lang='lat' dir='ltr'>sensu</span> <span class='ocrx_word' id='word_1_215' title='bbox 958 3190 1050 3248; x_wconf 76' lang='lat' dir='ltr'>postea</span> <span class='ocrx_word' id='word_1_216' title='bbox 1066 3180 1190 3254; x_wconf 69' lang='lat' dir='ltr'>subjungi</span> <span class='ocrx_word' id='word_1_217' title='bbox 1202 3201 1255 3254; x_wconf 90' lang='lat' dir='ltr'>po·</span> 
     </span>
     <span class='ocr_line' id='line_1_28' title="bbox 252 3252 1254 3326; baseline 0.006 -18"><span class='ocrx_word' id='word_1_218' title='bbox 252 3257 277 3308; x_wconf 85' lang='lat'>3.</span> <span class='ocrx_word' id='word_1_219' title='bbox 290 3255 454 3325; x_wconf 73' lang='lat' dir='ltr'>Iatijimdt&#39;is.</span> <span class='ocrx_word' id='word_1_220' title='bbox 464 3252 578 3321; x_wconf 79' lang='lat' dir='ltr'>Quidum</span> <span class='ocrx_word' id='word_1_221' title='bbox 590 3253 716 3326; x_wconf 69' lang='lat' dir='ltr'>intesan-</span> <span class='ocrx_word' id='word_1_222' title='bbox 755 3256 970 3326; x_wconf 62' lang='lat' dir='ltr'>teetSyriadeoe?</span> <span class='ocrx_word' id='word_1_223' title='bbox 978 3257 1055 3310; x_wconf 76' lang='lat' dir='ltr'>Anne</span> <span class='ocrx_word' id='word_1_224' title='bbox 1064 3259 1143 3312; x_wconf 77' lang='lat' dir='ltr'>Fabri</span> <span class='ocrx_word' id='word_1_225' title='bbox 1153 3261 1205 3313; x_wconf 79' lang='lat' dir='ltr'>fllia</span> <span class='ocrx_word' id='word_1_226' title='bbox 1215 3265 1254 3316; x_wconf 80' lang='lat' dir='ltr'>aie</span> 
     </span>
     <span class='ocr_line' id='line_1_29' title="bbox 217 3332 1254 3404; baseline 0 -18"><span class='ocrx_word' id='word_1_227' title='bbox 217 3336 269 3388; x_wconf 83' lang='lat' dir='ltr'>dis:</span> <span class='ocrx_word' id='word_1_228' title='bbox 280 3336 372 3388; x_wconf 81' lang='lat' dir='ltr'>melius</span> <span class='ocrx_word' id='word_1_229' title='bbox 383 3335 483 3388; x_wconf 80' lang='lat' dir='ltr'>forsan.</span> <span class='ocrx_word' id='word_1_230' title='bbox 497 3333 665 3404; x_wconf 78' lang='lat' dir='ltr'>Quamquam</span> <span class='ocrx_word' id='word_1_231' title='bbox 675 3348 715 3386; x_wconf 84' lang='lat' dir='ltr'>te·</span> <span class='ocrx_word' id='word_1_232' title='bbox 755 3332 826 3386; x_wconf 88' lang='lat' dir='ltr'>bunc</span> <span class='ocrx_word' id='word_1_233' title='bbox 837 3333 925 3386; x_wconf 86' lang='lat' dir='ltr'>locum</span> <span class='ocrx_word' id='word_1_234' title='bbox 939 3334 1038 3388; x_wconf 81' lang='lat' dir='ltr'>Gallice</span> <span class='ocrx_word' id='word_1_235' title='bbox 1049 3343 1141 3392; x_wconf 79' lang='lat' dir='ltr'>vertit:</span> <span class='ocrx_word' id='word_1_236' title='bbox 1159 3361 1170 3387; x_wconf 86' lang='grc' dir='ltr'>ι</span> <span class='ocrx_word' id='word_1_237' title='bbox 1182 3341 1254 3392; x_wconf 77' lang='lat' dir='ltr'>Tan..</span> 
     </span>
     <span class='ocr_line' id='line_1_30' title="bbox 218 3411 1255 3490; baseline 0.006 -24"><span class='ocrx_word' id='word_1_238' title='bbox 218 3433 277 3466; x_wconf 84' lang='lat' dir='ltr'>rnen</span> <span class='ocrx_word' id='word_1_239' title='bbox 289 3417 382 3486; x_wconf 71' lang='lat' dir='ltr'>sepios</span> <span class='ocrx_word' id='word_1_240' title='bbox 391 3411 460 3466; x_wconf 78' lang='lat' dir='ltr'>benc</span> <span class='ocrx_word' id='word_1_241' title='bbox 469 3431 561 3465; x_wconf 86' lang='lat' dir='ltr'>vocem</span> <span class='ocrx_word' id='word_1_242' title='bbox 573 3413 716 3486; x_wconf 64' lang='lat' dir='ltr'>latifundia</span> <span class='ocrx_word' id='word_1_243' title='bbox 755 3411 856 3486; x_wconf 73' lang='lat' dir='ltr'>disqu&#39;d</span> <span class='ocrx_word' id='word_1_244' title='bbox 866 3425 920 3466; x_wconf 81' lang='lat' dir='ltr'>tout</span> <span class='ocrx_word' id='word_1_245' title='bbox 927 3431 1021 3487; x_wconf 84' lang='lat' dir='ltr'>propos</span> <span class='ocrx_word' id='word_1_246' title='bbox 1029 3415 1053 3467; x_wconf 85' lang='lat' dir='ltr'>le</span> <span class='ocrx_word' id='word_1_247' title='bbox 1062 3417 1255 3490; x_wconf 73' lang='lat' dir='ltr'>droisoeparle</span> 
     </span>
     <span class='ocr_line' id='line_1_31' title="bbox 217 3487 1253 3570; baseline 0.007 -25"><span class='ocrx_word' id='word_1_248' title='bbox 217 3495 356 3564; x_wconf 80' lang='lat' dir='ltr'>scriptores</span> <span class='ocrx_word' id='word_1_249' title='bbox 370 3505 507 3563; x_wconf 80' lang='lat' dir='ltr'>usurpant.</span> <span class='ocrx_word' id='word_1_250' title='bbox 521 3493 713 3565; x_wconf 67' lang='lat' dir='ltr'>-Erqastnle</span> <span class='ocrx_word' id='word_1_251' title='bbox 754 3512 804 3566; x_wconf 77' lang='lat' dir='ltr'>que</span> <span class='ocrx_word' id='word_1_252' title='bbox 820 3493 863 3546; x_wconf 83' lang='lat' dir='ltr'>des</span> <span class='ocrx_word' id='word_1_253' title='bbox 879 3491 992 3546; x_wconf 67' lang='lat' dir='ltr'>eleveris</span> <span class='ocrx_word' id='word_1_254' title='bbox 1012 3493 1044 3546; x_wconf 81' lang='lat' dir='ltr'>de</span> <span class='ocrx_word' id='word_1_255' title='bbox 1063 3487 1090 3548; x_wconf 68' lang='lat' dir='ltr'>ld</span> <span class='ocrx_word' id='word_1_256' title='bbox 1109 3497 1191 3552; x_wconf 65' lang='lat' dir='ltr'>crece</span> <span class='ocrx_word' id='word_1_257' title='bbox 1210 3517 1253 3570; x_wconf 79' lang='lat' dir='ltr'>sy·</span> 
     </span>
     <span class='ocr_line' id='line_1_32' title="bbox 217 3569 1276 3650; baseline 0.005 -25"><span class='ocrx_word' id='word_1_258' title='bbox 217 3575 287 3626; x_wconf 82' lang='lat' dir='ltr'>Loee</span> <span class='ocrx_word' id='word_1_259' title='bbox 298 3573 343 3626; x_wconf 86' lang='lat' dir='ltr'>ubi</span> <span class='ocrx_word' id='word_1_260' title='bbox 353 3575 419 3626; x_wconf 80' lang='lat' dir='ltr'>servi</span> <span class='ocrx_word' id='word_1_261' title='bbox 427 3573 507 3624; x_wconf 84' lang='lat' dir='ltr'>vincti</span> <span class='ocrx_word' id='word_1_262' title='bbox 521 3586 715 3644; x_wconf 83' lang='lat' dir='ltr'>operantur.-</span> <span class='ocrx_word' id='word_1_263' title='bbox 754 3575 860 3624; x_wconf 57' lang='lat' dir='ltr'>ruane:</span> <span class='ocrx_word' id='word_1_264' title='bbox 876 3591 920 3624; x_wconf 80' lang='lat' dir='ltr'>car</span> <span class='ocrx_word' id='word_1_265' title='bbox 934 3574 1059 3645; x_wconf 80' lang='lat' dir='ltr'>(insuper</span> <span class='ocrx_word' id='word_1_266' title='bbox 1074 3575 1148 3630; x_wconf 76' lang='lat' dir='ltr'>addit</span> <span class='ocrx_word' id='word_1_267' title='bbox 1156 3577 1255 3650; x_wconf 79' lang='lat' dir='ltr'>Anne)</span> <span class='ocrx_word' id='word_1_268' title='bbox 1270 3569 1276 3586; x_wconf 72' lang='lat'><em>⁶</em></span> 
     </span>
     <span class='ocr_line' id='line_1_33' title="bbox 217 3650 1255 3725; baseline 0.004 -19"><span class='ocrx_word' id='word_1_269' title='bbox 217 3655 356 3706; x_wconf 61' lang='lat' dir='ltr'>nauem</span> <span class='ocrx_word' id='word_1_270' title='bbox 368 3651 445 3704; x_wconf 81' lang='lat' dir='ltr'>bello.</span> <span class='ocrx_word' id='word_1_271' title='bbox 458 3653 541 3723; x_wconf 72' lang='lat' dir='ltr'>Supra</span> <span class='ocrx_word' id='word_1_272' title='bbox 553 3653 618 3706; x_wconf 81' lang='lat' dir='ltr'>dixit</span> <span class='ocrx_word' id='word_1_273' title='bbox 629 3673 652 3705; x_wconf 91' lang='lat' dir='ltr'>c.</span> <span class='ocrx_word' id='word_1_274' title='bbox 667 3671 712 3707; x_wconf 73' lang='lat' dir='ltr'>rar</span> <span class='ocrx_word' id='word_1_275' title='bbox 754 3650 775 3702; x_wconf 77' lang='lat' dir='ltr'>il</span> <span class='ocrx_word' id='word_1_276' title='bbox 785 3651 872 3722; x_wconf 82' lang='lat' dir='ltr'>jurait</span> <span class='ocrx_word' id='word_1_277' title='bbox 884 3669 936 3724; x_wconf 84' lang='lat' dir='ltr'>par</span> <span class='ocrx_word' id='word_1_278' title='bbox 950 3671 986 3706; x_wconf 84' lang='lat' dir='ltr'>ses</span> <span class='ocrx_word' id='word_1_279' title='bbox 1000 3653 1121 3710; x_wconf 64' lang='lat' dir='ltr'>circuens.</span> <span class='ocrx_word' id='word_1_280' title='bbox 1133 3679 1144 3704; x_wconf 83' lang='grc' dir='ltr'>ι</span> <span class='ocrx_word' id='word_1_281' title='bbox 1165 3657 1255 3725; x_wconf 85' lang='lat' dir='ltr'>Quem</span> 
     </span>
     <span class='ocr_line' id='line_1_34' title="bbox 219 3729 1255 3804; baseline 0.008 -24"><span class='ocrx_word' id='word_1_282' title='bbox 219 3755 232 3780; x_wconf 76' lang='grc' dir='ltr'>ι</span> <span class='ocrx_word' id='word_1_283' title='bbox 241 3733 312 3802; x_wconf 85' lang='lat' dir='ltr'>Quid</span> <span class='ocrx_word' id='word_1_284' title='bbox 327 3745 414 3786; x_wconf 81' lang='lat' dir='ltr'>nutem</span> <span class='ocrx_word' id='word_1_285' title='bbox 427 3729 494 3784; x_wconf 82' lang='lat' dir='ltr'>belle</span> <span class='ocrx_word' id='word_1_286' title='bbox 509 3733 624 3786; x_wconf 79' lang='lat' dir='ltr'>servilia?</span> <span class='ocrx_word' id='word_1_287' title='bbox 637 3735 714 3786; x_wconf 84' lang='lat' dir='ltr'>Unde</span> <span class='ocrx_word' id='word_1_288' title='bbox 755 3730 1097 3804; x_wconf 75' lang='lat' dir='ltr'>quideminexpiicetionern</span> <span class='ocrx_word' id='word_1_289' title='bbox 1103 3737 1255 3788; x_wconf 84' lang='lat' dir='ltr'>minlmeec·</span> 
     </span>
     <span class='ocr_line' id='line_1_35' title="bbox 219 3809 1254 3882; baseline 0.006 -19"><span class='ocrx_word' id='word_1_290' title='bbox 219 3835 231 3858; x_wconf 78' lang='lat'>«</span> <span class='ocrx_word' id='word_1_291' title='bbox 241 3811 319 3864; x_wconf 83' lang='lat' dir='ltr'>nobis</span> <span class='ocrx_word' id='word_1_292' title='bbox 336 3811 386 3863; x_wconf 80' lang='lat' dir='ltr'>nisi</span> <span class='ocrx_word' id='word_1_293' title='bbox 411 3809 618 3864; x_wconf 76' lang='lat' dir='ltr'>exabundantia</span> <span class='ocrx_word' id='word_1_294' title='bbox 638 3813 716 3866; x_wconf 81' lang='lat' dir='ltr'>fami-</span> <span class='ocrx_word' id='word_1_295' title='bbox 755 3811 880 3864; x_wconf 81' lang='lat' dir='ltr'>cedimus.</span> <span class='ocrx_word' id='word_1_296' title='bbox 893 3813 1101 3866; x_wconf 70' lang='lat' dir='ltr'>Noun-assure-</span> <span class='ocrx_word' id='word_1_297' title='bbox 1110 3815 1254 3882; x_wconf 69' lang='lat' dir='ltr'>bravum,</span> 
     </span>
     <span class='ocr_line' id='line_1_36' title="bbox 219 3889 1255 3946; baseline 0.008 -8"><span class='ocrx_word' id='word_1_298' title='bbox 219 3911 232 3938; x_wconf 76' lang='grc' dir='ltr'>ι</span> <span class='ocrx_word' id='word_1_299' title='bbox 241 3889 376 3942; x_wconf 70' lang='lat' dir='ltr'>tiamne·</span> <span class='ocrx_word' id='word_1_300' title='bbox 755 3891 988 3944; x_wconf 77' lang='lat' dir='ltr'>etNostresPim:</span> <span class='ocrx_word' id='word_1_301' title='bbox 1001 3893 1185 3946; x_wconf 73' lang='lat' dir='ltr'>«Etsecourmt</span> <span class='ocrx_word' id='word_1_302' title='bbox 1194 3893 1255 3946; x_wconf 66' lang='lat' dir='ltr'>hm»</span> 
     </span>
     <span class='ocr_line' id='line_1_37' title="bbox 251 3967 1256 4040; baseline 0.008 -20"><span class='ocrx_word' id='word_1_303' title='bbox 251 3969 278 4036; x_wconf 78' lang='grc'>4.</span> <span class='ocrx_word' id='word_1_304' title='bbox 291 3967 520 4039; x_wconf 72' lang='lat' dir='ltr'>Fanoticofurom.</span> <span class='ocrx_word' id='word_1_305' title='bbox 532 3970 649 4022; x_wconf 77' lang='lat' dir='ltr'>Fanatici</span> <span class='ocrx_word' id='word_1_306' title='bbox 656 3987 716 4040; x_wconf 86' lang='lat' dir='ltr'>pro·</span> <span class='ocrx_word' id='word_1_307' title='bbox 755 3971 891 4026; x_wconf 71' lang='lat' dir='ltr'>vibianent</span> <span class='ocrx_word' id='word_1_308' title='bbox 900 3990 937 4024; x_wconf 78' lang='lat' dir='ltr'>ses</span> <span class='ocrx_word' id='word_1_309' title='bbox 945 3972 1056 4024; x_wconf 69' lang='lat' dir='ltr'>ehem</span> <span class='ocrx_word' id='word_1_310' title='bbox 1066 3991 1103 4025; x_wconf 81' lang='lat' dir='ltr'>au</span> <span class='ocrx_word' id='word_1_311' title='bbox 1112 3989 1175 4026; x_wconf 79' lang='lat' dir='ltr'>nom</span> <span class='ocrx_word' id='word_1_312' title='bbox 1186 3975 1218 4028; x_wconf 76' lang='lat' dir='ltr'>de</span> <span class='ocrx_word' id='word_1_313' title='bbox 1227 3975 1256 4028; x_wconf 81' lang='lat' dir='ltr'>le</span> 
     </span>
     <span class='ocr_line' id='line_1_38' title="bbox 217 4047 1254 4128; baseline 0.005 -25"><span class='ocrx_word' id='word_1_314' title='bbox 217 4051 274 4122; x_wconf 87' lang='lat' dir='ltr'>prie</span> <span class='ocrx_word' id='word_1_315' title='bbox 281 4048 437 4103; x_wconf 76' lang='lat' dir='ltr'>dicebantur</span> <span class='ocrx_word' id='word_1_316' title='bbox 443 4047 603 4111; x_wconf 62' lang='lat' dir='ltr'>sacerdotem</span> <span class='ocrx_word' id='word_1_317' title='bbox 613 4063 640 4102; x_wconf 88' lang='lat' dir='ltr'>et</span> <span class='ocrx_word' id='word_1_318' title='bbox 647 4049 717 4102; x_wconf 78' lang='lat' dir='ltr'>fane·</span> <span class='ocrx_word' id='word_1_319' title='bbox 755 4050 836 4103; x_wconf 64' lang='lat' dir='ltr'>dece</span> <span class='ocrx_word' id='word_1_320' title='bbox 844 4048 943 4120; x_wconf 63' lang='lat' dir='ltr'>Cybele.</span> <span class='ocrx_word' id='word_1_321' title='bbox 953 4073 964 4098; x_wconf 72' lang='grc' dir='ltr'><strong>ι</strong></span> <span class='ocrx_word' id='word_1_322' title='bbox 974 4050 1055 4118; x_wconf 89' lang='lat' dir='ltr'>Quod</span> <span class='ocrx_word' id='word_1_323' title='bbox 1062 4051 1152 4108; x_wconf 82' lang='lat' dir='ltr'>melius</span> <span class='ocrx_word' id='word_1_324' title='bbox 1160 4053 1254 4128; x_wconf 79' lang='lat' dir='ltr'>piacet.</span> 
     </span>
     <span class='ocr_line' id='line_1_39' title="bbox 218 4127 1254 4204; baseline 0.006 -22"><span class='ocrx_word' id='word_1_325' title='bbox 218 4131 284 4184; x_wconf 81' lang='lat' dir='ltr'>deus</span> <span class='ocrx_word' id='word_1_326' title='bbox 294 4131 370 4204; x_wconf 79' lang='lat' dir='ltr'>furor</span> <span class='ocrx_word' id='word_1_327' title='bbox 381 4141 418 4182; x_wconf 80' lang='lat' dir='ltr'>est</span> <span class='ocrx_word' id='word_1_328' title='bbox 429 4128 502 4181; x_wconf 84' lang='lat' dir='ltr'>furor</span> <span class='ocrx_word' id='word_1_329' title='bbox 514 4127 630 4196; x_wconf 76' lang='lat' dir='ltr'>divinus,</span> <span class='ocrx_word' id='word_1_330' title='bbox 643 4127 715 4202; x_wconf 79' lang='lat' dir='ltr'>quali</span> <span class='ocrx_word' id='word_1_331' title='bbox 790 4131 815 4184; x_wconf 89' lang='lat'>6.</span> <span class='ocrx_word' id='word_1_332' title='bbox 833 4131 890 4184; x_wconf 80' lang='lat' dir='ltr'>Hoc</span> <span class='ocrx_word' id='word_1_333' title='bbox 905 4131 1068 4186; x_wconf 74' lang='lat' dir='ltr'>mirocobrm.</span> <span class='ocrx_word' id='word_1_334' title='bbox 1086 4135 1147 4190; x_wconf 78' lang='lat' dir='ltr'>Non</span> <span class='ocrx_word' id='word_1_335' title='bbox 1161 4135 1254 4190; x_wconf 86' lang='lat' dir='ltr'>dubito</span> 
     </span>
    </p>
   </div>
   <div class='ocr_carea' id='block_1_4' title="bbox 1091 4239 1130 4293">
    <p class='ocr_par' dir='ltr' id='par_1_4' title="bbox 1091 4239 1130 4293">
     <span class='ocr_line' id='line_1_40' title="bbox 1091 4239 1130 4293; baseline 0.103 -21"><span class='ocrx_word' id='word_1_336' title='bbox 1091 4239 1130 4293; x_wconf 81' lang='grc'>17.</span> 
     </span>
    </p>
   </div>
   <div class='ocr_carea' id='block_1_5' title="bbox 0 0 1584 4948">
    <p class='ocr_par' dir='ltr' id='par_1_5' title="bbox 0 0 1584 4948">
     <span class='ocr_line' id='line_1_41' title="bbox 0 0 1584 4948; baseline 0 0"><span class='ocrx_word' id='word_1_337' title='bbox 0 0 1584 4948; x_wconf 95' lang='lat' dir='ltr'> </span> 
     </span>
    </p>
   </div>
  </div>
 </body>
</html>
