3142 4938
316 534 374 601 108
640 539 677 602 L.
701 539 854 602 ANNAEI
879 537 1023 604 FLORl

311 678 515 760 poscerent,
531 678 637 760 atque
646 662 722 760 jam
738 661 907 762 amplius,
920 689 1029 762 quam
1045 663 1233 762 congredi,
1251 665 1357 739 aude-

279 792 400 847 irent.
425 778 508 868 Quo
531 793 694 874 tempore
722 781 799 876 quis
824 781 966 850 cessisse
991 775 1130 850 hostem
1154 778 1356 870 mirabitur,

312 917 423 991 quum
439 891 528 964 alter
542 891 726 965 consulum
741 891 855 964 filium
869 919 989 981 suum,
1003 898 1087 993 quia
1101 911 1226 967 contra
1240 899 1358 994 impe-

314 1011 406 1078 rium
425 1022 659 1106 pugnaverat,
679 1013 839 1106 quamvis
859 1013 1028 1082 victorem
1049 1010 1238 1098 occiderit,
1259 1014 1358 1110 quusi

280 1141 297 1192 3
314 1120 392 1220 plus
415 1126 451 1193 in
471 1125 622 1221 imperio
646 1137 754 1212 esset,
771 1149 878 1223 quam
900 1128 936 1196 in
954 1129 1122 1198 victoria:
1142 1124 1242 1216 alter,
1259 1130 1358 1224 quasi

313 1240 450 1308 monitu
471 1236 640 1326 deorum,
665 1243 782 1336 capite
806 1237 940 1329 velato,
963 1243 1119 1338 primam
1141 1257 1222 1312 ante
1245 1243 1358 1313 aciem

281 1359 297 1426 l
314 1351 380 1424 diis
396 1350 561 1424 Manibus
574 1377 612 1424 su
626 1350 826 1441 devoverit,
844 1369 883 1425 ut
897 1357 933 1425 in
949 1351 1205 1427 confertissima
1218 1381 1255 1426 se
1269 1354 1358 1428 hos-

314 1471 403 1538 tium
422 1466 492 1539 tela
500 1465 690 1565 jaculatus,
707 1493 840 1539 novum
853 1468 898 1540 ad
911 1473 1096 1542 victoriam
1105 1473 1172 1542 iter
1183 1473 1358 1568 sanguinis

314 1586 367 1654 sui
381 1573 505 1655 semita
521 1581 695 1681 aperiret?

316 1767 466 1822 habebatis
477 1769 718 1841 comitiis‚p0terst
726 1785 816 1843 petere
855 1785 964 1828 sonuerit
978 1773 1097 1828 martelle
1109 1775 1127 1824 ὰ
1140 1791 1203 1826 ceux
1216 1775 1263 1847 qui
1276 1771 1303 1824 la
1312 1791 1360 1844 pa-

316 1852 499 1920 magistratus,
513 1863 559 1901 aut
575 1850 632 1902 aliis
648 1850 721 1904 dare.
735 1853 817 1903 Recte
853 1855 963 1928 pnaient
973 1866 1061 1906 contre
1073 1853 1108 1905 les
1117 1852 1210 1906 urslres.
1219 1851 1360 1921 s-Quass'

315 1927 380 1980 dicit
391 1930 477 1981 Livius
490 1931 517 1981 in
530 1931 652 1982 omnibus
664 1933 760 2003 equari
769 1951 817 1984 vo·
854 1931 914 2006 plus
926 1935 954 1984 in
966 1934 1073 2005 imperio
1084 1943 1232 2005 essetquam
1241 1933 1269 1982 iu
1280 1931 1361 1982 uicto-

316 2006 394 2060 luisse
410 2007 516 2060 Latinos
533 2007 666 2061 Romanis.
683 2007 817 2061 Nolebant
857 2013 904 2066 n'a.
917 2011 949 2063 ld
959 2025 1011 2078 est,
1022 2015 1097 2084 qussi
1110 2011 1197 2064 utilius
1210 2007 1360 2081 reipublicn

315 2087 415 2141 diutius
429 2107 485 2142 esse
501 2089 567 2140 socii
581 2089 668 2142 Latini
687 2091 817 2156 nominis,
859 2106 946 2161 esset,
959 2094 980 2144 si
995 2111 1049 2146 non
1063 2103 1296 2146 contemnes-entur
1306 2090 1359 2140 im-

315 2166 363 2220 sed
377 2169 447 2220 cives
460 2169 588 2235 Romani,
605 2181 631 2219 ut
645 2165 697 2220 hac
710 2169 818 2240 quidem
859 2174 932 2244 peris
950 2172 1063 2239 ducum,
1081 2191 1161 2244 quam
1182 2173 1204 2223 si
1222 2169 1360 2222 victoriam

316 2245 388 2316 lege,
400 2259 429 2298 ut
441 2247 507 2300 alter
516 2260 584 2298 esset
593 2247 686 2298 consul
695 2248 817 2314 Latinus,
858 2251 933 2304 miles
943 2251 976 2304 de
986 2251 1062 2306 hoste
1070 2264 1238 2325 reportasset.
1246 2247 1360 2320 imperio

316 2323 368 2378 hoc
379 2339 432 2392 est,
443 2326 515 2396 quod
525 2327 611 2378 Livius
624 2325 702 2392 dicit,
712 2339 742 2378 ut
751 2326 819 2379 alter
857 2334 938 2403 igitur
949 2331 992 2384 hic
1001 2333 1098 2384 dicitur
1110 2333 1220 2404 passive.

317 2425 333 2458 a
346 2405 444 2458 latinis
458 2405 551 2458 consul
566 2403 681 2458 daretur.
697 2409 753 2459 Nec
768 2405 818 2458 ob·
894 2411 1003 2482 &Quasi
1012 2409 1272 2482 monitullurquusi,
1281 2425 1362 2480 quum

318 2499 369 2538 stst
383 2484 694 2558 huicsententiae‚quod
710 2487 819 2540 Antium
859 2508 892 2542 ex
914 2492 1030 2542 Deorum
1057 2491 1160 2542 monitu
1182 2489 1281 2540 factum
1305 2503 1362 2540 esse

318 2564 368 2615 luit
380 2564 494 2616 colonia.
508 2567 568 2616 Non
583 2584 673 2618 omnes
688 2567 758 2618 enim
771 2585 819 2618 co-
859 2582 971 2620 constet.
982 2598 1018 2609 -
1029 2569 1117 2639 Capite
1131 2567 1223 2619 velato.
1236 2568 1363 2617 Demere

318 2644 395 2696 lonioe
410 2647 454 2716 jus
472 2645 583 2697 civitatis
602 2643 754 2713 habebant,
773 2644 819 2699 sed
858 2647 1002 2716 religionis,
1011 2665 1043 2698 ne
1054 2645 1281 2716 quidoceurreret,
1289 2641 1364 2714 quod

318 2725 819 2797 erant,quaejusLstiiltsliaevetantum
859 2723 1056 2777 esmturbsset.

317 2801 820 2879 habebanthuv.-Atqusjamam-
895 2803 920 2871 4.
939 2805 1000 2856 Se...
1017 2801 1163 2876 jaculatus.
1184 2798 1362 2870 nemisss'sspss

316 2882 388 2954 plius
396 2901 475 2956 quam
485 2885 606 2957 conpredi
616 2887 747 2939 auderent.
758 2887 819 2940 Plus
859 2881 963 2935 videtur
973 2900 1030 2936 esse
1040 2902 1121 2956 quum
1133 2881 1215 2934 lsomo
1228 2899 1256 2934 se
1268 2879 1365 2931 dicitur

319 2964 388 3014 enim
414 2976 470 3016 erat
493 2977 594 3035 partem
619 2968 820 3035 magistratuum
852 2962 986 3036 jaculari5
1001 2965 1090 3015 Livius
1105 2960 1315 3034 quidem‚Vlll‚
1331 2976 1364 3028 9,

319 3056 419 3115 petere,
430 3063 509 3116 quam
520 3046 598 3100 armis
608 3045 741 3116 congredi.
754 3047 820 3099 Seu·
860 3043 944 3096 multo
957 3043 1101 3117 simplicius
1115 3044 1142 3094 in
1153 3041 1205 3095 hae
1215 3061 1243 3094 re
1255 3057 1364 3093 narran-

318 3141 363 3177 sus
381 3123 476 3196 planus
494 3138 550 3177 est:
569 3125 660 3196 iusque
678 3123 743 3176 nihil
762 3143 820 3176 mu·
861 3121 913 3174 da:
932 3123 1077 3176 sili-matus
1094 3123 1122 3174 in
1138 3140 1235 3192 equum
1249 3117 1363 3184 insiluit,

319 3201 444 3268 tandum,
464 3202 593 3276 quidquid
613 3204 685 3256 slicst
702 3204 822 3256 doctissi-
865 3222 919 3255 sac
931 3222 958 3256 se
971 3206 998 3256 in
1010 3202 1111 3255 medios
1123 3200 1213 3254 hostes
1225 3197 1361 3250 immisit.»

319 3300 378 3335 mus
392 3281 543 3335 Salmasius.
559 3285 606 3335 Eu.
618 3285 714 3336 Demsi.
861 3283 1008 3334 -Novum
1018 3281 1053 3332 ad
1063 3281 1195 3333 victoriam
1205 3279 1254 3328 iter
1260 3274 1365 3350 sanqui-

352 3361 822 3442 2.Alterc⁰nsulum.Msuliupsintel-
861 3364 902 3415 nis
920 3363 962 3416 sui
979 3363 1070 3414 semita
1088 3360 1205 3432 aperint.
1224 3359 1285 3409 Post
1306 3357 1363 3419 iter,

319 3439 385 3510 tigit.
393 3469 429 3478 -
441 3439 507 3510 Quia
519 3451 609 3492 contra
621 3443 757 3513 imperium
767 3461 821 3513 pu·
860 3439 1010 3496 redundare
1021 3438 1125 3492 videtur
1137 3438 1237 3490 semita.
1254 3436 1366 3488 Felieius

318 3529 458 3592 pnaverat,
471 3519 588 3590 quamvis
600 3522 758 3574 victorem...
770 3535 821 3574 etc.
863 3523 928 3576 dixit
939 3525 1050 3587 liscum,
1061 3519 1175 3584 Pttctn,
1186 3529 1237 3571 act.
1250 3518 1283 3584 V,
1294 3535 1326 3572 st·-
1337 3513 1366 3588 6,

320 3599 369 3652 Cui
377 3599 415 3650 rei
424 3595 644 3664 suumomni,
653 3599 774 3652 Discouss
781 3619 825 3652 sur
863 3602 896 3656 de
909 3602 1068 3676 Hippolyto:

321 3673 445 3728 t'tissoire
463 3673 640 3766 univetsellep
651 3678 706 3728 ΠΙ·
721 3679 822 3748 partie,
863 3717 896 3756 De
906 3729 945 3758 m
956 3711 1068 3771 ,wrm
1079 3725 1133 3768 ⁵⁶¹¹!
1145 3711 1169 3754 ω
1180 3715 1241 3752 Μ
1251 3723 1366 3752 mmm.

320 3753 824 3828 fi'cls.:slavlctosoeltattpltilleuseet
958 3773 1015 3815 duit
