3108 4956
318 453 381 518 3t8
641 451 679 516 L.
702 451 863 516 ANNAEI
887 449 1035 516 FLORI

281 575 524 673 3nius,.qnapi
541 569 682 644 facilior
703 586 793 666 Ψ
812 567 945 643 Partbn
963 573 1156 644 Romans.
1175 573 1287 670 ipmr
1302 571 1365 644 dn

317 693 548 763 minationem
564 713 710 788 param,
728 713 796 762 nec
810 692 937 761 tacite:
952 687 1017 760 sed
1033 691 1176 786 patrie,
1192 692 1364 780 numinis,

315 804 596 906 nge-fascium
619 802 767 895 oblinas,
791 819 888 877 totus
910 807 947 876 in
971 819 1171 877 mansuum
1192 801 1301 894 iliud,
1325 821 1367 876 nr

316 939 450 1015 mente,
465 927 514 996 ita
525 926 644 996 animo
656 947 801 1022 qnoque
810 938 847 994 et
857 919 970 1012 cuitu,
985 920 1190 995 desciverat.
1206 921 1367 994 Aureum

316 1044 353 1110 in
366 1065 474 1112 manu
489 1039 681 1113 baculum:
700 1038 748 1113 ad
762 1037 854 1112 latus
867 1042 1047 1112 acinaces:
1069 1061 1249 1138 purpurea
1260 1043 1365 1112 vestis

315 1153 516 1252 ingentibus
523 1151 693 1228 obstricta
700 1159 863 1254 gemmis:
875 1153 1042 1228 diadema
1051 1152 1363 1253 aderat‚utrepina

317 1289 379 1339 rex
392 1273 468 1367 ipse
482 1266 671 1342 frueretur.
781 1298 784 1302 ·

282 1395 296 1458 i
365 1382 423 1455 Ad
433 1387 588 1481 primam
597 1409 774 1458 novorum
783 1400 947 1457 motuum
958 1382 1092 1456 famam
1100 1385 1366 1456 Caesaraan-

317 1497 420 1570 dusio
441 1499 646 1598 trajecerat,
671 1515 712 1571 ut
732 1504 886 1572 venienti
908 1497 1004 1573 bello
1025 1515 1248 1573 occurreret:
1271 1503 1367 1597 posi-

317 1617 432 1712 tisque
450 1616 487 1685 in
500 1615 611 1710 Epiro
626 1617 763 1704 castris,
780 1612 984 1687 Leucadem
1001 1612 1172 1704 insulam,
1190 1629 1367 1686 montem-

318 1751 388 1824 que
400 1730 595 1818 Leucaten,
609 1744 644 1800 et
654 1726 838 1802 Ambracii
852 1733 946 1801 sinus
958 1753 1108 1818 cornua,
1120 1727 1247 1801 infesta
1258 1727 1366 1801 classe

285 1843 547 1912 5succinxerat.
567 1839 679 1913 Nobis
700 1841 966 1942 quadringente
987 1841 1137 1940 amplius
1153 1867 1280 1916 naves:
1301 1841 1368 1915 du·

319 1970 429 2026 centae
446 1980 519 2028 non
539 1959 655 2028 minus
674 1954 849 2030 bostium:
868 1957 930 2030 sed
949 1981 1139 2029 numerum
1158 1957 1366 2057 magnitudo

318 2069 500 2168 pensabat.
514 2072 661 2170 Quippe
678 2077 800 2144 asenis
815 2077 853 2144 in
866 2099 1024 2146 novenos
1035 2099 1219 2146 remorum
1235 2073 1369 2146 ordini·

317 2182 402 2275 bus,
418 2184 464 2258 ad
480 2184 551 2259 boc
565 2185 738 2278 turribus,
754 2203 861 2290 atque
874 2187 1040 2261 tabulatis
1055 2187 1227 2281 allevata,
1245 2189 1369 2262 castel-

318 2297 437 2371 lorum
454 2317 489 2372 et
500 2300 645 2373 urbium
658 2305 793 2400 specie,
808 2329 881 2374 non
896 2305 970 2375 sine
985 2307 1121 2402 gemitu
1134 2307 1256 2394 maris,
1272 2321 1307 2376 et
1319 2301 1368 2375 la·

318 2411 408 2484 bore
428 2429 616 2486 ventorum
638 2413 865 2490 ferebantur:
891 2441 969 2516 quae
990 2415 1136 2517 quidem
1159 2423 1234 2517 ipsa
1255 2416 1369 2490 moles

285 2533 425 2602 sexitio
447 2529 525 2603 fuit.
545 2533 692 2606 Caesaris
712 2560 819 2608 naves
845 2561 866 2608 a
888 2534 1090 2608 triremibus
1114 2539 1150 2606 in
1173 2559 1273 2605 senos
1294 2559 1371 2607 non

320 2643 470 2743 amplius
493 2646 636 2721 ordines
655 2665 851 2723 creverant.
873 2652 998 2751 itaque
1018 2648 1153 2723 habiles
1173 2653 1210 2720 in
1230 2653 1367 2738 omnia,

320 2787 398 2861 quae
414 2787 497 2834 usus
515 2762 706 2863 poscebat,
722 2764 768 2838 ad
786 2769 939 2866 impetus
958 2783 994 2839 et
1007 2791 1169 2838 recursus
1187 2763 1368 2864 flexusque

320 2875 529 2977 capiendos,
541 2880 617 2953 ilias
629 2907 769 2981 graves,
782 2881 876 2955 etad
888 2888 1008 2956 omnia
1019 2881 1249 2982 praepeditas,
1260 2885 1369 2980 singu·

355 3135 381 3188 3.
398 3139 509 3205 Patrioe,
528 3143 655 3210 nominis,
675 3154 755 3220 ιαμ,
766 3143 826 3214 fas-
866 3161 902 3196 sc.
929 3159 960 3194 t:
985 3141 1077 3196 attala
1099 3161 1187 3208 mens,
1207 3141 1291 3194 maius
1313 3139 1370 3192 ani-

319 3215 388 3267 cium
401 3215 503 3270 obtine.
517 3219 717 3288 Horatius,0d.
729 3223 777 3288 111,
790 3220 824 3273 5:
868 3241 956 3276 umus.
969 3246 980 3270 ι
999 3251 1034 3264 -
1049 3222 1164 3276 Aureum
1182 3222 1210 3273 in
1226 3239 1309 3274 mann
1324 3222 1370 3272 ba-

323 3293 508 3346 ·dnciliorum
523 3307 549 3347 et
566 3299 696 3364 nominis,
717 3311 743 3350 et
757 3311 824 3372 105ae
865 3302 960 3356 cuium.
972 3305 1032 3356 Huc
1043 3303 1115 3376 apud
1130 3305 1264 3378 AEgyptios
1275 3319 1369 3373 regum

323 3369 466 3438 «Oblitus,
480 3385 637 3447 ntemaeqne
654 3380 770 3429 Veste.»
789 3404 825 3417 -
865 3383 987 3454 insignia.

320 3450 505 3504 lamensium
516 3452 591 3506 titud.
602 3457 700 3524 Regem
712 3456 825 3524 scilicet,
901 3460 927 3526 d.
951 3461 1090 3512 Leucaten.
1118 3460 1253 3513 [eucades
1278 3458 1369 3512 insuit

320 3529 406 3600 inquit
422 3529 498 3582 Anna
516 3531 602 3585 Fabri.
621 3534 677 3604 Epo
692 3554 755 3588 vero
774 3555 824 3609 po·
864 3539 1086 3612 promontorium.
1098 3567 1134 3580 -
1147 3539 1281 3593 Ambracii
1290 3540 1369 3593 sinus.

321 3611 373 3663 tius
396 3611 569 3684 interpretor,
594 3616 621 3668 in
644 3615 823 3690 Cieopatram.
865 3619 950 3692 Supra
963 3617 1146 3672 Acarnaniam.

320 3690 362 3742 sic
380 3691 503 3746 Horatius
519 3694 597 3746 etiam
613 3694 648 3748 de
664 3695 823 3770 Cleopatra:
901 3698 926 3751 5.
943 3698 1083 3752 Tabulatis.
1096 3699 1212 3766 Gallice,
1224 3699 1267 3752 des
1277 3699 1368 3770 {tapes-

324 3768 436 3822 «fatale
457 3784 618 3838 monstrum,
640 3786 714 3825 etn-
734 3803 769 3814 —
791 3775 825 3828 Ut
868 3809 898 3818 -
912 3779 1148 3852 Nonsinepemitu
1158 3778 1370 3832 marisettabore

321 3859 421 3912 mente,
438 3849 475 3902 ita
488 3852 587 3904 animo.
608 3855 684 3906 Mens
702 3853 825 3925 quando-
867 3871 1001 3911 vetitorum
1011 3858 1174 3930 ferebantur.
1193 3859 1302 3912 Minime
1326 3875 1370 3908 as-

321 3943 373 3997 (μθ
390 3945 440 3998 Ρῐῠ
459 3930 549 3982 mimo
568 3933 697 3984 ⁸umi111r=
716 3931 763 3985 sed
780 3929 825 3984 hit
865 3941 991 3992 sentimus
1005 3939 1107 3992 Groevio
1120 3939 1192 3992 bunc
1207 3939 1295 3990 iocum
1311 3955 1371 3989 car·

321 4005 387 4059 nibil
397 4007 471 4060 aiiud
480 4023 533 4075 est,
543 4010 824 4082 quamroiuntassim·
864 4021 951 4090 panti,
965 4033 995 4071 ut
1010 4031 1073 4090 pote
1087 4017 1221 4090 turgidum
1237 4031 1263 4071 et
1279 4016 1370 4068 decia-

321 4084 382 4157 1²¹³
395 4100 420 4138 ⁰¹
435 4087 504 4153 ³⁰¹⁸?
521 4094 623 4144 animm
640 4109 702 4142 vero
716 4094 825 4164 estipaa
865 4101 1014 4151 suasorium.
1033 4099 1196 4170 iniquissima
1215 4099 1242 4150 in
1261 4095 1369 4148 florum

321 4164 432 4220 indoles.
444 4168 485 4221 sic
496 4171 637 4222 Terentius
648 4169 715 4222 and.
727 4173 785 4224 Act,
800 4173 825 4238 l,
865 4174 942 4243 hujus
954 4193 1023 4246 saepe
1034 4175 1144 4246 judicia.
