3108 4956
566 511 711 578 LIBER
732 510 951 578 TERTIUS.
1218 511 1281 599 275

237 789 619 816 mmmmm·
626 789 864 814 mmmm
868 781 1202 814 mustnvuwtmu
1207 787 1286 814 mu

558 1107 564 1116 ,
671 991 848 1070 xxtn.

369 1257 582 1332 BELLUM
607 1255 784 1330 CIVILE
810 1247 903 1328 SUB
928 1247 1160 1329 cupiunt

290 1512 416 1589 Marco
440 1512 599 1614 Lepido,
620 1511 777 1604 Quincto
797 1506 925 1586 Catulo
947 1513 1167 1607 consulibus,
1190 1513 1323 1588 civiles

244 1629 380 1706 bellum
402 1651 502 1730 paene
522 1630 624 1702 citius
646 1655 856 1728 oppressum
877 1647 946 1720 est,
968 1656 1077 1731 quam
1098 1634 1291 1730 inciperet:

245 1745 307 1820 sed
329 1764 501 1846 quantum
521 1743 663 1846 lateque
686 1743 745 1816 fax
769 1743 860 1818 illius
884 1761 1001 1818 motus
1022 1744 1068 1818 ab
1089 1749 1167 1843 ipso
1191 1741 1294 1845 Syllae

246 1887 333 1961 rogo
348 1859 494 1935 exarsit!
511 1860 671 1960 Cupidus
682 1886 838 1960 namque
850 1887 971 1933 rerum
984 1886 1157 1933 novatum
1171 1886 1237 1959 per
1248 1865 1295 1932 in·
1311 1898 1326 1934 ι

245 1973 431 2048 colentium
444 1973 618 2074 Lepidus,
634 1989 714 2047 acta
726 1978 816 2046 tanti
831 1979 896 2046 viri
911 1973 1113 2047 rescindete
1123 1974 1293 2074 pambon

245 2117 313 2164 nec
333 2093 532 2180 immerito,
552 2092 581 2161 si
597 2107 716 2162 tamen
734 2099 852 2188 posset
868 2093 943 2162 sine
960 2115 1090 2192 magna
1108 2075 1208 2162 clade
1226 2093 1296 2163 rei-

246 2205 411 2306 publicae.
423 2207 515 2278 Nam
529 2231 643 2304 ¹quum
651 2205 733 2304 jure
745 2203 829 2278 belli
841 2204 936 2304 sylla
950 2205 1105 2278 dictator
1119 2209 1295 2306 prescrip·
1311 2232 1328 2284 ³

247 2325 346 2394 sisset
370 2324 550 2410 mimicos,
576 2323 638 2420 qui
665 2331 890 2422 supererant,
920 2335 1110 2395 revocante
1135 2311 1293 2421 Lepido,

246 2433 336 2537 quid
363 2425 463 2510 aliud
486 2461 593 2535 quam
619 2433 663 2508 ad
690 2433 824 2508 bellum
846 2435 1086 2509 vocabantur?
1113 2451 1295 2538 quumque

247 2553 499 2627 damnatorum
518 2553 649 2625 civium
665 2547 778 2644 bona,
798 2550 987 2627 addicente
1003 2551 1116 2656 Sylla,
1134 2555 1295 2654 quamvis

248 2665 341 2742 male
362 2685 486 2767 capte,
499 2669 580 2766 jure
598 2685 737 2757 tamen,
756 2657 922 2767 repetitio
942 2695 1069 2740 eccum
1083 2668 1209 2768 procul
1225 2667 1295 2740 du-

249 2781 310 2855 bio
336 2781 575 2855 labefactabat
598 2786 833 2880 compositam
859 2786 1048 2855 civitatem.
1074 2781 1330 2880 Expediebat4

251 2921 336 2995 ergo
360 2899 462 2994 quasi
488 2920 588 2994 aegrae
616 2899 811 3008 sauciaeque
840 2895 1047 2994 reipublicae
1073 2899 1296 2995 requiescere

251 3007 608 3110 quomodocumque,
623 3034 669 3080 ne
680 3007 827 3082 vulnera
839 3013 1022 3081 curatione
1035 3014 1112 3108 ipsa
1125 3010 1300 3084 rescinde·

288 3207 372 3260 ‘Ctn
385 3206 477 3258 XXIII.
496 3205 600 3258 notun
614 3221 699 3257 ctttut
710 3221 756 3257 tun
794 3207 891 3258 Martio
909 3219 1040 3261 crematus
1057 3207 1122 3276 fuit,
1139 3208 1242 3262 etiamsi
1258 3227 1302 3260 re-

252 3289 357 3341 Lnttuo.
376 3287 477 3340 Eodem
494 3305 565 3339 anno
583 3304 636 3359 quo
655 3283 755 3338 bellum
793 3283 939 3338 luctaretur
949 3287 1073 3359 Lepidus.

253 3367 431 3420 Sertorianum
454 3365 487 3420 de
509 3385 562 3438 quo
582 3383 642 3436 cap.
664 3383 753 3438 cupre.
829 3365 854 3418 3.
862 3367 933 3419 Nam
941 3385 1022 3440 quum
1022 3365 1226 3440 jurcbelli,etc.
1236 3371 1298 3420 IIaec

255 3445 378 3500 Scribant
391 3447 447 3500 btec
460 3447 509 3518 Ep.
525 3449 577 3499 Liv.
596 3447 654 3508 x0;
672 3445 754 3512 plut,
795 3443 938 3515 pendente
950 3445 1158 3516 praecedentibus
1172 3447 1194 3498 si
1209 3458 1297 3500 tamen

254 3525 395 3596 Pompeio,
419 3543 478 3597 cap.
500 3523 546 3584 25;
566 3525 703 3597 Appianas
723 3523 755 3576 de
793 3522 1298 3595 postet.-Addt'centcVerbumjuris-

256 3603 485 3670 itellectuum,
499 3603 567 3656 libro
579 3606 604 3668 l,
617 3623 676 3676 pag.
690 3604 755 3670 416;
796 3600 918 3654 dictionis
930 3606 1107 3674 pretorianae:
1122 3603 1213 3670 idest,
1225 3604 1299 3676 adju·

255 3684 340 3738 Valet.
357 3685 477 3749 Maxim,
489 3683 525 3746 11,
541 3683 566 3736 3.
796 3679 909 3732 dicante.
919 3711 955 3721 -
966 3681 1048 3735 Male.
1063 3681 1176 3749 Gallice,
1192 3683 1301 3754 injuste-

295 3779 317 3813 1.
330 3762 461 3832 Quantum
472 3759 589 3833 lateque,
600 3773 649 3812 etc.
662 3763 691 3813 Iu
702 3761 757 3814 baec
796 3769 877 3810 ment.
890 3788 927 3800 —
940 3761 1010 3810 Jure.
1027 3758 1141 3824 Gallice,
1150 3761 1301 3836 jutitit'que-

257 3841 336 3894 verba
345 3861 394 3914 per
403 3843 585 3910 conjecturam
595 3838 757 3892 restituenda
798 3846 878 3887 ment.
891 3839 939 3888 Hic
952 3835 1026 3888 locus
1039 3851 1126 3888 autem
1138 3839 1176 3888 sic
1188 3841 1302 3910 coujun-

256 3921 353 3972 fruetra
373 3918 501 3972 sudarunt
520 3931 757 3971 commentatores:
798 3913 918 3984 gendue:
942 3933 1077 3987 quumque
1097 3915 1198 3969 boue...
1224 3933 1303 3992 capta

257 4000 333 4050 Anna
352 3997 429 4049 Fabri
445 3994 593 4068 respuenda
608 4007 706 4047 censet.
726 4024 765 4064 -r
799 3995 926 4060 fuissent,
936 3994 1240 4070 malequidem‚atjnre‚
1251 4013 1303 4052 etc.

257 4075 298 4128 Ab
310 4077 364 4149 ipso
374 4075 457 4146 Syllo
469 4093 529 4148 mqo
542 4073 642 4126 exemit.
656 4072 723 4144 Sylla
735 4075 760 4124 in
801 4075 857 4126 Neo
873 4093 941 4146 opus
954 4093 1002 4126 cur
1017 4092 1048 4127 cx
1064 4078 1192 4130 sententia
1205 4078 1303 4130 Duketi

258 4173 322 4224 egro
339 4153 460 4206 Cumano
476 4165 610 4216 mortuus,
627 4149 761 4203 adnitente
800 4163 863 4222 poet
871 4163 957 4203 tamen
964 4153 1088 4224 suppleas
1097 4155 1216 4222 verbnm,
1226 4153 1304 4226 quale

259 4234 293 4299 Q.
313 4230 407 4284 Catulo
426 4245 452 4284 et
466 4232 606 4304 Pompeio,
621 4231 648 4281 in
666 4245 760 4301 campo
802 4228 1082 4301 fueritpoteidcrentur.
