3142 4938
558 485 701 548 urana
725 483 913 548 narnus.
1216 434 1249 570 ᾗ

222 633 371 708 nemque
386 607 482 682 urbis
498 635 597 680 novae
616 591 783 706 sangnine
800 634 863 678 sno
882 611 1112 680 consecravit.
1133 610 1256 706 huogi»

221 723 409 796 nemurbis
419 728 532 822 magis
542 749 649 821 quam
658 722 783 795 urbem
795 722 945 794 fecerat:
963 720 1087 795 incolae
1097 721 1254 794 deerant.

219 839 305 910 Erat
317 843 353 910 in
375 844 544 936 proximo·
555 837 679 910 lucus:
702 837 796 910 huuc
814 837 1067 936 asylumlacit3
1088 854 1123 910 et
1138 843 1255 912 statim

218 955 309 1022 mira
319 955 371 1022 vis
384 950 587 1041 hominum,
602 954 719 1026 Latini
729 954 905 1050 Tuscique
917 969 1093 1050 pastores·;
1110 953 1254 1052 quidam

217 1069 330 1136 etiam
340 1072 580 1156 mensuratim,
597 1065 768 1166 Phryges,
786 1070 852 1164 qtri·
863 1066 927 1138 sub
941 1069 1065 1155 AEnea,
1083 1068 1255 1154 Arcades,

194 1226 197 1238 ·
217 1183 278 1277 qui
296 1179 363 1251 sub
376 1181 540 1253 Evandro
560 1180 651 1254 duce
668 1179 889 1252 influxerant.
908 1182 960 1250 lta
977 1207 1017 1251 ex
1035 1185 1139 1252 variis
1159 1188 1256 1279 qnasi

216 1293 395 1368 elementis
409 1301 639 1396 congregavit
650 1318 779 1392 corpus
790 1319 919 1384 unum;
932 1294 1174 1394 populumque
1190 1295 1257 1367 tto-

215 1435 360 1482 manum
375 1416 449 1509 ipse
464 1412 560 1483 fecit

264 1526 334 1595 Res
347 1541 423 1596 erat
435 1530 539 1596 nnius
554 1530 677 1614 enus,
693 1524 848 1624 populus
861 1530 1028 1597 virorum
1044 1528 1257 1623 ltaquema»
1279 1559 1307 1592 ιη

214 1639 383 1711 tt'imonia
399 1663 425 1710 a·
439 1637 593 1711 finitimis
614 1644 743 1737 petita:
763 1644 938 1738 quianon
958 1639 1254 1737 impetrabantur,

215 1775 324 1824 manu
344 1769 447 1850 capta
460 1771 549 1826 sunt.
572 1754 749 1828 Simulatis
761 1760 896 1855 quippe
910 1754 1001 1828 ludis
1016 1756 1261 1854 equestribus,

215 1867 380 1963 virgines,
399 1892 477 1966 quse
491 1869 536 1940 ad
548 1869 794 1967 spectaculum·
803 1886 989 1959 venerant,
1003 1869 1259 1967 praedaluere3·

213 1993 248 2053 et
264 1986 381 2054 statim
403 2003 524 2056 caussa
537 1983 725 2057 bellomm.
749 1984 841 2056 Pulsi
865 1985 1046 2086 fugatique
1066 1987 1251 2059 Veientes:
1276 2027 1300 2059 tt

212 2096 468 2170 Caeninensium
496 2117 641 2196 captum
668 2127 709 2171 ac
736 2099 891 2172 dirutum
920 2097 1105 2196 oppidum.
1134 2099 1259 2196 Spolia-

212 2211 355 2306 insuper
369 2203 490 2308 o'pima
507 2213 552 2285 de
567 2239 649 2314 rege
664 2216 822 2285 Feretrio
837 2216 917 2284 Jovi
929 2211 1092 2320 munibus
1109 2217 1178 2284 suis
1194 2239 1253 2284 rex

212 2411 246 2478 95
257 2432 263 2459 ε
289 2435 300 2456 ι
310 2412 436 2464 Fraterno
457 2417 535 2488 primi
554 2415 711 2470 maduerunt
791 2433 799 2466 t
809 2433 830 2466 ι.
838 2415 913 2468 Pulsi
914 2416 1056 2488 fuqatique
1062 2414 1186 2468 Veientes.
1196 2413 1252 2466 Flo·

212 2495 362 2564 ·saugnine
371 2497 438 2547 muri
498 2499 619 2568 exignum
629 2497 710 2551 domi·
751 2515 795 2548 rus
812 2499 869 2570 ipse
885 2494 1029 2552 confundit
1041 2495 1138 2548 bellum
1157 2498 1251 2550 Veiens

213 2591 282 2624 unos
293 2577 424 2628 commisit
433 2577 545 2648 asylum.
558 2603 568 2625 ι
750 2597 810 2630 cum
823 2577 895 2630 bello
909 2578 981 2650 qued
993 2597 1054 2630 cum
1067 2578 1180 2642 Sabinis,
1192 2579 1250 2629 Cae—

244 2669 269 2719 9.
279 2651 404 2726 Plnchs.
415 2657 514 2708 Eorum
528 2672 652 2730 nepotes,
662 2663 708 2731 qui
749 2655 919 2724 ninensibus,
934 2657 1141 2708 Crustumerinis
1159 2669 1184 2706 et
1197 2659 1251 2706 An·

208 2729 708 2801 post'l'rojaeexcidiumAEneamducem
747 2737 921 2804 temnatibns,
935 2739 1014 2808 gessit
1028 2735 1165 2787 Romulus.
1184 2736 1251 2787 Cum

208 2811 325 2866 comitati
342 2813 635 2870 luerunt-Arcades.
654 2816 708 2869 Sub
747 2818 918 2871 Fidenatibus
942 2832 968 2870 et
988 2815 1142 2868 Veientibus
1163 2812 1251 2868 multis

208 2889 309 2955 Fauno,
318 2907 411 2963 quarto
421 2895 500 2947 ltalioe
510 2915 579 2967 rege,
588 2896 710 2948 Evander
749 2903 824 2952 annis
833 2913 896 2970 post
907 2899 1033 2952 Sabinum
1046 2896 1144 2949 bellum
1155 2898 1252 2948 Roma-

210 2983 242 3016 ex
254 2966 318 3018 urbe
332 2971 463 3043 Areadiae,
476 2971 609 3024 Pallanteo
624 2976 710 3024 nomi·
748 2983 788 3032 nis
806 2999 846 3032 res
856 2981 919 3044 luit,
935 2979 1066 3046 longeque
1078 2976 1128 3026 aliu
1141 2977 1190 3026 tuit
1200 2975 1252 3026 hu-

210 3061 256 3108 ne,
272 3062 332 3096 cum
342 3045 473 3098 Arcadum
484 3049 559 3100 turba
570 3052 596 3100 in
608 3047 709 3100 ltaliam
747 3049 1168 3124 jusbellicanssa.Vid.Plutarch.
1176 3053 1250 3104 llum.

208 3121 325 3192 appulit,
333 3143 347 3174 a
356 3124 453 3194 quibus
462 3127 577 3178 Arcades
586 3129 630 3178 isti
637 3142 710 3178 erant
751 3148 776 3185 ει
788 3135 844 3185 Liv.
857 3137 877 3186 l.
891 3160 926 3171 -
935 3131 1029 3206 Spolia
1041 3133 1142 3202 insuper
1155 3135 1252 3204 opima.

207 3201 321 3255 oriundi.
333 3203 441 3275 -Ipse
454 3203 532 3275 fecit.
553 3207 614 3258 Non
634 3203 710 3257 video
749 3211 787 3264 Ea
799 3226 860 3266 suut
872 3230 928 3284 quan
938 3210 991 3262 dux
1001 3210 1116 3264 hostium
1128 3210 1251 3264 dociam

207 3299 254 3334 cur
273 3297 495 3340 commentatores
514 3285 558 3337 hie
576 3286 708 3354 brereant,
749 3295 889 3364 interiecto
899 3291 1054 3345 detraxerat.
1068 3294 1166 3344 Eorum
1177 3308 1249 3346 tauta

207 3359 407 3416 ethancvoeem
420 3365 472 3436 ipse
479 3364 640 3436 usqueadeo
651 3367 708 3418 inu·
747 3375 838 3425 raritas
845 3371 941 3446 fqitut
949 3373 1124 3424 trinatantnm
1134 3377 1248 3446 eontige-

207 3438 277 3491 tilem
285 3440 519 3515 dictitent-Nempe
525 3442 706 3516 Romuluspo·
746 3457 810 3506 rint:
823 3456 907 3526 mima
920 3472 977 3525 quae
989 3453 1117 3506 Romulus
1127 3453 1160 3506 de
1169 3455 1247 3507 Acro.

208 3517 520 3598 pulumltomannmr'pse,
531 3525 617 3590 idest,
629 3527 706 3598 quasi
745 3553 796 3596 ¹¹03
815 3528 896 3595 altera
917 3552 974 3606 qnae
993 3535 1090 3587 Cossus
1109 3531 1246 3586 Cornelius

205 3602 320 3672 propriis
330 3606 370 3654 sui
379 3607 455 3659 unius
465 3607 560 3678 opibus
570 3609 678 3660 fecerat.
744 3611 776 3666 de
792 3612 949 3674 Tolumnio;
971 3615 1046 3664 tertia
1065 3631 1122 3684 quae
1141 3613 1246 3664 Marcus

245 3700 284 3734 to.
297 3683 345 3734 Res
354 3695 435 3736 erat...
446 3687 564 3740 oiromm.
574 3691 629 3743 Liv.
640 3689 665 3756 l,
673 3707 701 3758 9:
743 3691 884 3744 Marcellus
898 3691 960 3742 Jovt
970 3693 1087 3744 Feretrio
1102 3690 1134 3742 tle
1145 3690 1247 3742 Virido

209 3761 337 3813 «Penuria
352 3760 625 3830 mulicrtun,l10minis
641 3780 704 3818 aeta-
743 3791 831 3839 maro,
848 3773 970 3824 lixcrrmt.
986 3772 1032 3822 Eo.
1045 3773 1143 3822 Deire.
1153 3801 1189 3812 —
1199 3773 1246 3823 Fe-

209 3861 219 3884 s
231 3853 281 3890 tem
288 3839 415 3891 duratura
423 3841 573 3910 magnitudo
582 3849 704 3895 erat-'n-
745 3853 820 3902 retrio
830 3850 898 3900 Jovi.
909 3851 1011 3920 Jupiter
1020 3849 1150 3902 Feretrius
1160 3847 1245 3902 dietus

207 3919 451 3992 bedisequestribus.
460 3922 492 3972 lli
501 3920 704 3976 ludiConsualia
745 3930 808 3993 fnit,
824 3927 897 4000 quod
915 3928 953 3979 illi
970 3930 1054 3999 spolia
1071 3931 1158 4000 opimo
1173 3931 1245 4001 scre·
1278 3949 1281 3962 ’

206 3995 368 4066 dicebantur,
377 4003 479 4074 quosin
490 3999 618 4052 honorem
626 4003 706 4054 Consi
746 4009 821 4070 beau
835 4007 875 4059 vel
887 4025 901 4058 a
908 4005 1045 4078 feriendo,
1055 4005 1126 4078 quod
1135 4007 1244 4060 fulmine

207 4075 356 4130 faciebant:
374 4082 418 4150 qui
438 4081 540 4134 Consus
566 4081 704 4150 Neptunus
746 4091 834 4152 feriat;
847 4087 886 4140 vel
897 4088 957 4159 quia
967 4087 1019 4139 dux
1032 4086 1124 4140 ducem
1135 4108 1197 4142 ense
1208 4091 1244 4142 fe-

207 4157 334 4228 Eqnester
346 4173 408 4210 erat.
525 4189 528 4194 ·
747 4169 787 4216 rit.
805 4167 968 4238 Propertius,
987 4167 1029 4219 lib.
1050 4168 1094 4234 lV,
1112 4169 1182 4236 Elcq.
1201 4185 1243 4225 xrs
