3026 4956
444 565 589 629 uranu
612 565 937 632 Mauroumnrs.
1151 569 1214 659 379

84 720 88 728 ⁴
164 691 305 762 Horum
317 687 527 787 Cambyses,
542 686 731 760 ¹defuncto
744 703 862 786 patre,
875 689 974 788 quod
983 689 1099 789 major
1110 708 1215 779 esset,

165 804 338 880 Smerden
350 807 387 875 in
401 801 491 876 solio
507 802 706 894 sedentem,
721 808 838 902 capite
855 802 981 878 caelum
997 804 1137 905 pulsare
1151 832 1217 905 per

164 923 342 991 somnium
360 917 499 1009 videns,
523 917 762 992 occidendum
781 944 864 992 eum
883 924 1041 994 ²curavit
1059 926 1156 1021 ipse:
1182 937 1218 996 et

165 1029 887 1133 deiude,revertensabAEthiopia,³rebus
895 1034 1095 1134 perfractis,
1104 1062 1216 1137 quum

165 1151 202 1220 in
231 1152 426 1248 AEgyptum
454 1151 620 1238 venisset,
644 1147 850 1248 incolasque
873 1149 947 1248 ejus
970 1147 1041 1224 loci
1061 1150 1220 1224 laetantes

166 1261 391 1351 advertisset,
408 1279 502 1336 ratus
517 1261 596 1336 illos
611 1262 765 1336 adversis
783 1268 854 1336 suis
872 1263 1055 1354 insultare,
1072 1267 1166 1365 Apin
1181 1270 1219 1339 in

165 1376 298 1451 femine
327 1376 541 1468 vulneravit,
571 1377 772 1478 eodemque
799 1382 871 1453 ictu
899 1380 1041 1453 occidit.
1073 1383 1219 1454 Interim

166 1495 292 1592 Magus
314 1492 461 1593 quidam
484 1493 665 1582 Smerdes,
690 1493 895 1568 tpaubiatae
915 1493 1043 1586 frater,
1070 1495 1219 1568 abutens

167 1613 312 1682 nomine
329 1610 392 1683 ⁵ex
406 1607 532 1683 formae
548 1609 792 1702 similitudine,
807 1611 920 1686 filium
932 1640 968 1687 se
983 1615 1069 1713 Cyri
1084 1612 1221 1712 profes·

167 1713 239 1813 sus,
259 1737 408 1824 regnum
426 1728 606 1798 Persicum
625 1731 813 1800 invaserat.
840 1727 952 1821 Quod
969 1727 1033 1800 ubi
1050 1727 1220 1828 Cambysi

168 1843 368 1911 nuntiatum
390 1855 456 1930 est,
477 1838 619 1938 regredi
640 1844 676 1912 in
696 1846 850 1939 patriam
871 1857 1067 1933 maturans,
1089 1839 1220 1914 oblitus

169 1970 221 2028 est
238 1952 412 2053 gladium,
434 1981 506 2056 quo
523 1957 618 2055 Apin
635 1954 878 2048 interfecerat,
901 1961 1037 2057 vaginae
1056 1955 1217 2030 reddere.
1272 1972 1281 1980 ’

169 2067 999 2169 Quodquumconareturefficere,lemensuum
1008 2071 1218 2162 vulneravit,

169 2199 204 2256 et
218 2201 465 2284 campartem,
480 2212 552 2285 qua
562 2189 658 2284 Apin
670 2185 928 2261 vulneraverat.
944 2188 994 2260 Ex
1006 2187 1135 2261 eodem
1147 2185 1221 2260 vul·

169 2326 253 2373 nere
268 2305 305 2372 in
319 2304 443 2400 paucis
457 2301 582 2374 diebus
599 2301 698 2375 obiit.
715 2304 770 2375 De
784 2303 883 2403 cujus
898 2319 1014 2376 morte
1029 2320 1220 2404 postquam

170 2420 302 2488 certior
325 2421 469 2491 nuntius
492 2418 538 2491 ad
560 2422 682 2492 Persas
704 2423 816 2510 venit,
843 2418 1014 2494 ⁶Potanes
1035 2420 1220 2495 Pedimam

169 2528 279 2604 filiam
298 2557 414 2622 sunm,
433 2559 588 2632 quacum
606 2531 771 2608 Smerdes
792 2536 1085 2609 consuetudinem
1106 2535 1219 2610 habe-

168 2644 247 2737 bat,
266 2645 428 2738 edocuit,
442 2665 498 2739 ut,
518 2674 629 2750 quum
642 2647 702 2722 ille
715 2654 849 2748 sopitus
864 2667 969 2741 esset,
984 2668 1105 2723 utrum
1120 2677 1221 2725 aures

170 2773 280 2832 tectas
298 2764 409 2850 cornis
430 2758 595 2852 haberet,
616 2760 885 2861 periclitaretur.
908 2763 1050 2836 Sciebat
1067 2768 1178 2856 enirn,
1200 2790 1221 2836 a

172 2873 268 2971 Cyro
290 2873 428 2946 Smerdi
446 2877 554 2974 Mago
578 2859 736 2949 ademtas
758 2903 869 2950 aures.
892 2875 976 2949 ⁷llle
996 2874 1125 2950 falsum
1148 2904 1221 2951 esse

171 2987 345 3060 Smerden
359 2989 591 3064 confirmavit.
613 2994 715 3063 Tunc
733 3008 871 3090 septem
888 2989 1095 3064 nobilissimi
1109 2996 1222 3065 Persae

97 3095 102 3107 ’
172 3106 266 3175 inter
278 3128 315 3174 se
332 3097 618 3201 conjuraverunt.
629 3107 765 3178 Eorum
779 3109 926 3179 nomina
937 3104 1014 3180 haec
1028 3123 1124 3198 sunt,
1136 3107 1221 3180 8Ρο-

208 3315 268 3368 Car.
278 3317 438 3370 XXX—1.
450 3316 583 3390 Defuncto
592 3327 674 3391 patre.
715 3315 805 3370 vidore
826 3316 888 3370 licet
910 3336 941 3370 ex
963 3316 1091 3370 Herodot.
1109 3319 1159 3382 111,
1179 3313 1220 3368 25.

172 3397 222 3448 llic
230 3397 357 3450 excidisse
367 3398 484 3472 reputavit
492 3397 677 3470 suspicabatur
753 3398 779 3464 4.
793 3397 938 3451 Paritiaroe.
953 3397 1100 3452 Parisirhoe.
1116 3396 1222 3462 ld.111,

173 3475 329 3530 Perizonius.
345 3479 378 3530 Et
392 3491 515 3549 apertum
528 3488 567 3530 est
580 3476 676 3548 hujus·
716 3477 748 3530 61
758 3513 766 3542 ‚
777 3477 822 3529 63.

173 3551 246 3605 modi
258 3555 357 3627 aliquid
369 3555 522 3612 desiderari.
753 3555 779 3609 5.
789 3555 942 3627 Exfonnoe.
953 3557 989 3608 Et
993 3555 1099 3627 forme.
1112 3554 1190 3606 Periz.

210 3651 234 3686 a.
252 3635 437 3709 Curauitr'pse:
452 3634 678 3690 etdeinde.ldem
752 3635 779 3688 6.
805 3637 919 3688 Potaner
946 3634 1095 3686 Pedimam.
1128 3634 1222 3686 omnes

173 3712 292 3784 legebat,
305 3719 413 3768 curavit.
428 3717 487 3789 Ipse
498 3717 599 3771 deinde.
614 3715 676 3780 Vel,
716 3714 899 3787 Plroedymam.
911 3713 1086 3784 Exllerodot.
1099 3713 1148 3777 lll,
1159 3713 1203 3764 68.

173 3792 320 3862 [praetium
331 3793 433 3847 deinde.
754 3811 779 3864 7.
798 3791 860 3845 tlte.
879 3792 949 3845 Illa:
971 3809 1033 3844 nam
1051 3790 1170 3862 loquitur
1187 3790 1222 3844 de

210 3870 235 3921 3.
248 3871 480 3944 Reburperfractis.
492 3875 622 3927 Fortassis
632 3893 680 3945 pu·
718 3873 772 3926 lilia
784 3875 886 3926 Otsniu.

174 3949 239 4000 tavit
256 3948 300 4000 lric
318 3951 451 4023 Scriptus,
466 3949 520 4004 lmc
535 3971 610 4025 nque
626 3953 678 4006 dici
755 3953 780 4006 S.
793 3953 915 4017 Potanes,
926 3949 1222 4022 Hydaueleornmno·

173 4045 266 4100 posse,
288 4047 320 4081 ac
341 4031 414 4082 rebus
424 4029 528 4102 fractis.
552 4031 679 4104 Suspicor
717 4032 791 4083 mina
801 4033 829 4082 in
841 4029 968 4082 Herodot.
982 4028 1000 4084 l.
1011 4027 1037 4080 d.
1048 4048 1071 4080 c.
1084 4046 1131 4099 70,
1144 4043 1220 4082 sunt:

175 4117 262 4158 tumen
279 4108 406 4179 scripturn
421 4109 502 4162 fuisse
515 4110 586 4164 rebus
598 4110 680 4183 r'ufec·
721 4111 858 4174 «ornnes,
877 4107 1028 4182 Hydarnes,
1049 4107 1222 4180 Aspathines,

176 4185 214 4237 tir.
244 4187 312 4240 Nam
338 4188 409 4240 inriti
428 4189 540 4250 <nerunt
565 4202 678 4244 conatus
721 4191 931 4263 nlntaplternes‚
961 4190 1135 4263 liegabyzus,
1164 4189 1221 4241 Go-

176 4263 312 4339 Carnbyrir
332 4267 456 4324 adversus
476 4267 628 4341 Ethiopian,
648 4284 677 4323 ut
722 4271 838 4347 «bryas,
851 4271 977 4324 Darius.»
