3094 4952
302 510 337 587 l
717 503 961 572 Durnono

318 629 499 704 secundas,
512 647 569 690 noo
581 647 680 690 annos
696 625 805 704 habet,
820 628 931 709 quibus
943 628 1066 690 ltaliam
1078 628 1207 711 subegit.
1220 631 1288 692 llos
1302 630 1364 700 fuit

317 743 462 808 otempus
476 726 549 786 viris
568 727 723 806 armisque
742 726 1000 786 incitatissimam.
1014 723 1087 786 ldeo
1103 727 1171 805 quis
1189 726 1363 794 adolescen-

318 849 332 880 ιι
342 825 418 884 tiam
435 823 552 887 dixerit.
569 822 689 884 Delrinc
704 821 744 882 ad
761 825 910 884 Caesarem
927 825 1099 906 Augustum
1114 823 1172 884 250
1186 827 1279 900 anni,
1295 829 1365 908 qui·

318 924 399 994 abus
412 937 514 984 totum
527 921 634 984 orbem
646 924 780 1004 pacavit.
796 923 854 984 Hic
870 921 936 1003 jam
956 925 1023 1005 ipsa
1038 922 1166 1004 ¹juventa
1179 924 1321 1007 imperii,
1335 939 1365 988 et

317 1018 429 1103 “quasi
444 1019 588 1102 quaedam
607 1019 730 1083 robusta
748 1020 919 1080 maturitas.
935 1021 960 1080 Α
977 1021 1093 1080 Caesare
1106 1021 1246 1102 Augusto
1261 1021 1295 1080 in
1312 1041 1364 1082 sae·

318 1146 331 1175 ιι
342 1117 448 1181 culum
455 1130 606 1193 nostrum,
616 1129 688 1176 sunt
698 1136 764 1176 non
776 1115 875 1176 multo
884 1117 988 1177 minus
1000 1117 1075 1176 anni
1084 1136 1152 1191 noo,
1162 1117 1276 1198 quibus
1288 1120 1366 1178 ineu

318 1221 385 1281 «tia
402 1218 663 1299 Caesarumflquasi
682 1216 861 1292 consenuit,
876 1229 968 1298 atque
982 1215 1119 1290 decoxit3
1136 1217 1194 1276 nisi
1208 1216 1294 1299 quod
1307 1216 1366 1278 sul>

319 1341 332 1372 ιι
342 1313 636 1398 Trajanoprincipe
657 1329 763 1376 movet
780 1313 927 1388 lacertos,
946 1329 976 1374 et
993 1327 1105 1397 praeter.
1118 1333 1203 1397 spem
1222 1315 1365 1384 omnium

317 1439 331 1470 ιι
342 1427 480 1476 senectus
494 1413 633 1495 imperii,
645 1412 733 1493 quasi
752 1411 871 1472 reddita
887 1409 1067 1492 juventute,
1084 1413 1250 1473 revirescit.
1261 1437 1275 1469 ιι
1293 1413 1366 1472 Haec

316 1509 437 1570 Florus.
452 1510 624 1588 Utrumque
635 1520 739 1566 autem
751 1505 855 1567 locum
870 1508 988 1588 integre
1002 1507 1235 1589 adscripsimus,
1249 1520 1284 1567 ut
1300 1527 1367 1567 om·

316 1628 371 1668 nes
383 1607 524 1682 videant,
534 1626 630 1687 quam
644 1602 773 1676 infirmo,
787 1605 915 1666 tibicine
929 1607 1079 1682 nitantur,
1091 1608 1145 1688 qui
1159 1628 1195 1666 ex
1205 1607 1366 1669 Lactantio

316 1703 486 1786 colligunt,
502 1704 682 1784 scriptorem
699 1702 876 1784 compendii
889 1703 987 1777 illius,
1002 1724 1069 1764 non
1081 1703 1227 1778 Florum,
1245 1701 1298 1763 sed
1316 1703 1367 1763 Se·

316 1824 442 1879 nocam,
457 1803 517 1863 dici
537 1815 689 1886 oportere.
710 1802 820 1879 diunt,
835 1802 1021 1864 divisionem
1033 1823 1119 1878 eam,
1135 1800 1221 1883 cujus
1236 1806 1366 1864 Laetam

314 1902 375 1960 tius
392 1901 538 1961 Senecam
551 1899 659 1960 laudat
672 1913 845 1976 auctorem,
860 1898 945 1982 apud
958 1899 1086 1960 Florum
1100 1900 1133 1960 in
1147 1900 1280 1981 prologo
1295 1896 1366 1980 legi

316 1999 352 2058 ln
365 2018 428 2079 quo
441 1996 622 2058 manifestus
634 2016 744 2056 eorum
755 2011 801 2057 est
812 2018 911 2058 error:
923 2018 997 2058 nam
1008 1999 1119 2058 Seneca
1131 1995 1367 2058 adolescentiam

315 2096 452 2157 extendit
468 2116 564 2177 usque
581 2093 730 2156 adfinem
746 2094 849 2156 ultimi
863 2094 936 2156 belli
950 2095 1077 2157 Punici:
1097 2094 1206 2156 Florus
1217 2094 1367 2155 duntaxat

317 2194 356 2254 ad
365 2195 503 2277 primum
512 2193 631 2254 bellum
641 2195 805 2254 Punicum.
818 2194 865 2254 rid
876 2193 959 2270 haec,
973 2194 1084 2256 Seneca
1096 2193 1205 2277 incipit
1215 2207 1368 2254 senectam

316 2292 431 2354 abella
444 2292 525 2354 civili
537 2293 747 2374 Pompeiano,
762 2293 872 2354 Florus
884 2307 988 2357 autem
1005 2314 1022 2352 a
1036 2293 1213 2376 principatu
1230 2291 1367 2373 Augsrsti.

317 2392 407 2452 Unde
417 2392 550 2474 colligo,
562 2392 689 2452 Florum
699 2391 823 2473 quidem
837 2393 993 2454 imitatum
1005 2392 1100 2453 fuisse
1111 2393 1255 2464 Senecam
1262 2417 1273 2468 ;¹
1281 2390 1368 2452 aliter

318 2503 437 2564 tamen,
447 2511 543 2572 quam
555 2490 714 2564 Senecam,
728 2489 876 2552 divisisse.
888 2491 987 2572 Atque
999 2511 1036 2551 co
1051 2492 1149 2572 magis
1160 2491 1263 2550 arrisit
1273 2488 1368 2551 Floro

318 2587 491 2651 similitudo
506 2610 558 2665 ea,
576 2589 729 2671 quianon
744 2603 844 2651 totam
857 2589 944 2651 alteri
960 2589 1101 2665 deberet;
1115 2587 1168 2650 sed
1179 2601 1268 2664 esset,
1282 2586 1369 2669 quod

318 2685 378 2745 sibi
392 2684 572 2748 vindicaret.
585 2687 663 2746 Sanc
674 2699 741 2748 toto
754 2686 794 2748 ad
809 2709 877 2748 earn
890 2708 981 2770 opere
995 2688 1132 2770 respicit:
1148 2706 1261 2768 nempe
1277 2705 1369 2746 suum
1481 2739 1485 2748 .

318 2782 431 2865 cuique
439 2782 615 2866 pulchrum,
621 2783 707 2866 quod
718 2784 780 2846 dici
790 2783 876 2845 solet.
885 2786 946 2845 Nec
957 2797 1119 2867 propterca
1128 2802 1292 2865 negavero,
1299 2780 1370 2841 Flo-

320 2899 390 2940 rum
409 2877 493 2942 hunc
509 2879 602 2942 fuisse
618 2901 656 2941 ex
673 2882 856 2942 Senecarum
874 2879 1005 2940 familia.
1021 2881 1133 2966 Seneca
1143 2881 1230 2940 enim
1241 2889 1370 2939 vocatur

320 2975 354 3034 in
370 2975 526 3059 plerisque
546 2975 699 3038 veteribus
718 2974 815 3036 libris.
834 2973 881 3035 ad
895 2973 961 3036 haec
978 2976 1095 3037 Seneca
1108 2987 1181 3037 suut
1198 2994 1235 3035 ex
1253 2973 1371 3037 Annua

316 3088 420 3153 gente.
435 3076 473 3135 At
487 3075 613 3152 Florus,
628 3076 710 3136 utin
727 3075 881 3156 plerisque
895 3073 984 3134 libris
997 3072 1108 3148 Julius,
1128 3075 1172 3134 ita
1189 3077 1319 3132 Annaeus
1337 3070 1370 3129 in

319 3182 391 3230 vett.
404 3185 533 3232 vocatur
549 3171 653 3248 libris,
666 3174 764 3232 etiam
780 3173 910 3254 antiqua
928 3192 962 3231 ac
976 3173 1127 3253 Principe,
1140 3189 1235 3252 quam
1248 3165 1369 3241 habeo,

320 3266 467 3328 editione.
479 3268 525 3326 Ad
539 3267 605 3329 haec
617 3270 793 3350 Hispanum
805 3265 913 3342 fuisse,
926 3264 1010 3326 unde
1021 3266 1140 3326 Senecae
1152 3264 1248 3326 domo
1262 3275 1370 3339 erant,

321 3363 486 3424 verisimile
503 3363 578 3426 facit
592 3363 752 3426 luculenta
763 3361 826 3444 ejus
837 3375 925 3422 terrae
937 3360 1091 3439 laudatio,
1106 3383 1175 3444 quae
1192 3375 1236 3421 cst
1250 3358 1306 3420 lib.
1324 3360 1370 3434 ll,

291 3495 294 3502 ·
323 3480 389 3542 cap.
413 3480 458 3541 1¹7,
476 3471 506 3520 et
525 3459 579 3520 lib.
600 3460 660 3534 lll,
673 3480 739 3541 cap.
759 3478 806 3518 22.
822 3457 924 3519 Dictio
942 3479 1067 3540 qnoque
1079 3456 1160 3520 hanc
1174 3457 1304 3518 domum
1323 3475 1371 3516 sa·

275 3561 278 3568 '
319 3555 384 3636 pit:
402 3575 477 3614 nant
493 3577 528 3616 ea
550 3555 734 3636 eloquentiae
752 3567 782 3613 et
800 3574 927 3636 poeseos
942 3554 1035 3616 laude
1054 3553 1170 3637 inclyta
1188 3553 1257 3614 fuit.
1271 3554 1310 3612 At
1325 3552 1371 3612 di-

323 3650 385 3710 ctio
404 3649 543 3712 historici
561 3648 671 3731 hujus,
683 3651 728 3709 uti
747 3663 819 3710 ante
840 3649 974 3726 dictum,
994 3665 1040 3712 est
1055 3650 1185 3726 diserta,
1199 3664 1230 3710 et
1242 3649 1371 3731 poeticae

322 3747 462 3830 propior.
480 3748 582 3808 Immo
603 3767 681 3828 opus
700 3747 803 3830 ipsum
820 3747 870 3804 vix
889 3743 992 3822 aliud,
1007 3767 1103 3828 quam
1115 3746 1298 3808 declamatio
1315 3759 1370 3806 est.

323 3846 462 3904 Fortasse
474 3845 569 3926 igitur
582 3847 699 3906 Seneca
710 3847 804 3905 etiam
818 3863 935 3904 nomen
948 3843 1018 3905 fuir.
1035 3845 1110 3923 Sed,
1123 3859 1158 3904 nt
1168 3843 1231 3904 hoe
1246 3842 1370 3918 demus,

325 3960 391 4000 non
405 3962 443 4000 eo
457 3942 666 4024 consequitur,
677 3937 763 4000 haud
778 3938 865 4000 aliter
879 3961 974 4022 quam
985 3942 1144 4016 Senecam,
1156 3941 1261 4000 vocari
1276 3961 1371 4022 opor·

324 4051 397 4100 tere.
410 4041 470 4100 Nec
483 4041 568 4100 enim
579 4038 669 4101 facile
681 4039 758 4100 adeo
774 4036 851 4100 fides
868 4053 912 4100 est
925 4038 1104 4122 deroganda
1115 4037 1215 4100 multo
1227 4039 1370 4099 maximae

310 4220 315 4230 ι
322 4139 403 4224 parti
418 4138 588 4224 librorum,
602 4151 633 4199 et
643 4138 769 4221 quidem
782 4135 919 4200 melioris
932 4153 1032 4224 notae,
1045 4138 1099 4200 ubi
1114 4137 1215 4232 Florio
1232 4147 1368 4197 vocatur.
