3010 4948
334 425 400 506 ⁵42
475 420 723 490 msemrrro
743 422 969 492 woman
990 422 1236 490 nommrn

333 561 426 694 atqpe
441 543 652 694 inu-iqmpho
667 546 774 611 navali
790 546 926 643 pmdam
940 569 1056 613 omum
1069 551 1101 613 in
1118 551 1255 612 eminus
1268 549 1373 637 Popul.

400 653 463 695 om.
478 647 544 694 tntu
560 648 591 694 tt.

333 726 471 806 eaptivos
486 727 574 789 etiam
590 722 859 807 Carthaginienses
874 725 1042 808 ugano,
1059 722 1111 786 loe
1126 737 1182 802 est,
1199 723 1309 786 nobiles
1322 725 1375 786 uli-
1491 795 1492 810 ,

375 826 457 896 qaut,
471 827 543 874 ante
554 833 679 894 currum
693 814 797 890 duxit:
994 867 999 886 ,

335 903 514 985 primusque
523 903 649 978 Consul,
659 901 959 980 deSiculiqetelasse
967 901 1272 984 Carthaginiensium

337 990 553 1094 triumphavit,
569 991 684 1057 uarum
695 1013 801 1056 rerum
815 1013 887 1075 ergo
898 994 927 1056 S.
943 995 977 1054 P.
992 993 1029 1070 Q.
1042 994 1078 1054 tt
1094 995 1122 1054 ei
1135 992 1250 1055 hancoe
1262 991 1378 1056 soluni-

375 1101 451 1140 nam
464 1094 578 1163 posuit

333 1167 548 1412 lilqmplqavit.
573 1259 689 1320 Eamm
713 1277 816 1320 rerum
838 1279 911 1341 ergo
932 1255 1026 1322 Marti
1047 1258 1166 1320 donum
1185 1257 1270 1319 dedit
1289 1272 1378 1340 atque

396 1363 498 1411 rcavrt.

383 1553 603 1633 clausimus
611 1555 769 1632 Graevius
778 1551 1239 1654 inscriptioneanlumna
1246 1557 1380 1626 Rostra

333 1666 737 1769 taedescripsitePigbio
749 1673 787 1744 in
798 1668 962 1746 Annalib.
977 1669 1023 1742 ad
1033 1671 1074 1742 A.
1088 1670 1132 1741 U.
1147 1669 1379 1741 ccccxctll

335 1787 412 1885 qui,
434 1810 518 1856 mox
539 1801 579 1855 ut
602 1789 786 1856 inventum
805 1801 882 1857 erat
902 1809 1078 1872 marmor,
1098 1781 1256 1881 reliquos
1277 1786 1313 1854 in
1338 1807 1379 1854 eo

304 1891 308 1898 ’
336 1899 555 1974 characteres
572 1905 624 1972 uti
639 1899 837 1991 exstabant,
853 1905 968 1974 Roma
980 1897 1179 1972 Bruxellam
1195 1898 1242 1972 ad
1253 1925 1289 1971 se
1302 1903 1379 1970 mis·

334 2041 390 2088 sos
407 2013 539 2088 scribit.
556 2013 801 2088 Exhibuerunt
815 2041 894 2114 eam
911 2015 1018 2088 etiam
1032 2015 1206 2088 Gruterus
1222 2016 1379 2110 lnscript.

334 2150 478 2220 cccclv,
505 2155 539 2219 1,
563 2128 769 2230 ibidemque
789 2131 943 2228 Lipsius,
968 2130 1129 2202 Donatus
1158 2155 1195 2201 11
1222 2128 1266 2200 de
1290 2127 1379 2198 Urh.

333 2247 438 2318 Rom.
459 2271 496 2344 7,
514 2261 550 2320 et
566 2246 792 2334 Ciacconius3
808 2243 870 2316 sod
887 2263 1011 2316 omnes
1028 2241 1131 2316 aliter
1148 2257 1255 2341 atque
1271 2239 1381 2314 aliter.

334 2363 459 2460 Neque
474 2380 592 2434 tamen
609 2360 707 2464 apud
722 2359 834 2432 ullum
852 2387 977 2433 eorum
995 2365 1031 2431 in
1050 2362 1170 2460 primo
1187 2385 1290 2430 versu
1306 2377 1384 2428 sunt

334 2475 441 2548 literae
467 2476 675 2575 singulares,
704 2498 793 2548 notae
820 2481 1007 2549 nominum
1035 2479 1283 2573 propriorum,
1309 2498 1384 2573 qua

335 2592 433 2692 apud
451 2591 623 2692 Pighium.
649 2595 703 2666 De
722 2621 796 2694 quo·
814 2593 902 2694 quid
922 2593 1041 2666 dicam
1061 2616 1134 2664 non
1155 2589 1294 2664 habeo:
1317 2592 1384 2662 nisi

334 2707 393 2781 vel
409 2733 485 2796 eos,
506 2713 567 2808 qui
583 2708 687 2808 plura
704 2713 739 2780 in
755 2735 932 2782 marmore
949 2706 1009 2779 illo
1027 2710 1160 2806 scripta
1175 2705 1283 2778 fuisse
1299 2731 1385 2806 pro-

336 2823 517 2917 diderunt,
537 2851 646 2925 quam
664 2826 888 2915 ciacconius,
908 2851 1035 2924 parum
1051 2839 1147 2916 recte
1163 2821 1310 2910 vidisse,
1328 2818 1385 2892 vel

334 2936 450 3012 literas
465 2940 654 3014 nonnullas
668 2940 798 3013 deinde
814 2945 864 3012 ita
877 2939 1095 3028 exsolevisse,
1111 2958 1152 3010 ut
1166 2941 1283 3010 visum
1300 2935 1385 3007 effu-

335 3076 466 3153 gerent.
484 3059 575 3128 Nam
588 3055 677 3128 mihi
691 3061 835 3128 omnino
850 3053 1051 3128 verosimile
1065 3053 1222 3142 videtur,
1238 3055 1384 3124 Ciacco

334 3169 450 3261 nium,
473 3173 623 3272 quinon
641 3168 754 3241 multo
773 3184 854 3275 post
868 3167 1037 3242 effossum
1055 3192 1212 3240 marmor
1232 3167 1385 3238 Romam

334 3289 447 3375 venit,
466 3289 554 3356 etin
573 3311 613 3356 ea
633 3284 721 3356 urbe
741 3310 808 3382 per
826 3282 961 3384 aliquot
981 3307 1092 3356 annos
1108 3285 1207 3371 vixit,
1225 3308 1264 3354 ac
1285 3279 1383 3354 diem

334 3398 438 3489 ohiit,
454 3402 739 3498 Inscriptionem,
754 3421 861 3499 quam
879 3424 920 3470 ex
936 3395 1098 3498 professo
1114 3396 1385 3468 Commentario

335 3515 550 3606 inlustravit,
573 3532 608 3587 et
624 3542 734 3615 saepe,
757 3529 793 3587 et
814 3513 1070 3588 adcuratissime
1090 3514 1296 3611 inspexisse;
1318 3535 1385 3582 nec

336 3628 531 3730 quidquam
556 3657 697 3721 eorum,
723 3656 803 3730 quae
826 3645 903 3702 tum
933 3629 969 3702 in
997 3655 1040 3702 ea
1067 3624 1293 3726 legebantur,
1316 3623 1385 3698 de-

335 3745 492 3836 traxisse,
510 3761 570 3817 aut
581 3744 767 3817 addidisse.
783 3743 1015 3842 Quapropter
1026 3745 1223 3816 existimavi
1239 3766 1320 3812 eam
1335 3739 1389 3810 ita

335 3877 376 3930 ut
389 3863 425 3931 in
438 3861 567 3932 Graevii
578 3859 758 3932 Thesauro
772 3861 1030 3958 Antiquitatum
1047 3859 1289 3929 Romanarum
1301 3871 1387 3926 ante

265 3975 268 3982 “
336 3972 639 4047 Commentarium
653 3975 833 4048 Ciacconii
848 3973 944 4049 edita
955 3991 1022 4064 est,
1039 3999 1207 4048 unacum
1224 3969 1384 4072 ejusdem

335 4087 590 4185 supplementis
601 4089 817 4181 charactere,
832 4117 940 4192 quom
952 4111 1150 4168 currentem
1165 4108 1306 4180 vocant,
1319 4087 1385 4160 im-

336 4199 463 4299 pressis
476 4201 533 4274 hic
548 4205 830 4302 proponendam.
1039 4208 1224 4277 uernans.
