3108 4956
367 1239 574 1311 BELLUM
599 1237 712 1309 CUM
737 1234 906 1308 SEXTO
931 1229 1206 1306 POMPElO'.

234 1526 243 1560 ι
313 1493 466 1600 Sublatis
487 1492 753 1594 percussoribus
770 1493 934 1583 Caesaris,
948 1505 1131 1590 supererat
1148 1487 1310 1586 Pompeii

267 1599 1314 1708 domus.AlterjuvcnuminHispaniaocciderat,alterfuga

268 1742 443 1817 evaserat,
462 1730 721 1825 contractisque
740 1721 888 1796 infelicis
905 1721 990 1795 belli
1011 1719 1181 1820 reliquiis,
1202 1743 1313 1818 quum

268 1847 411 1941 insuper
425 1839 599 1940 ergastula
612 1854 795 1930 armasset,
806 1835 961 1912 Siciliam
975 1836 1244 1935 Sardiniamque
1256 1831 1314 1906 ha·

237 1996 250 2030 2
264 1948 389 2031 bebat.
403 1961 485 2032 Jarn
497 1975 532 2032 et
545 1955 654 2030 classe
668 1955 828 2030 medium
839 1982 938 2030 mare
950 1953 1143 2042 insederat,
1156 1953 1193 2026 o!
1208 1977 1314 2052 quam
1367 1979 1373 1990 ·

270 2074 428 2147 diversus
449 2101 471 2148 a
490 2073 606 2174 patre!
629 2071 692 2146 tlte
713 2071 841 2146 Cilicas
863 2075 1091 2145 exstinirerat:
1113 2067 1173 2142 hic
1197 2095 1316 2158 secunr¹

237 2191 403 2286 spiratus
418 2187 560 2262 navales
577 2185 743 2288 agitabat.
765 2187 880 2259 Tanta
900 2182 995 2258 mole
1016 2182 1102 2257 belli
1122 2189 1261 2283 penitus
1280 2186 1318 2254 iu

272 2300 391 2375 Siculo
413 2299 506 2374 freto
521 2302 661 2400 juvenis
679 2327 866 2401 oppressus
885 2317 954 2389 est;
976 2304 1165 2399 magnique
1185 2298 1318 2371 famam

274 2414 374 2487 ducis
390 2414 438 2487 ad
453 2414 585 2489 inferos
601 2441 721 2488 secum
737 2414 886 2505 tulisset,
901 2420 930 2488 si
943 2413 1031 2488 nihil
1044 2431 1210 2488 tentasset
1225 2413 1319 2486 ulte-

274 2533 366 2600 rius:
380 2531 446 2600 uisi
460 2527 560 2627 quod
571 2555 707 2628 magnae
717 2527 846 2622 indolis
856 2533 994 2628 signum
1007 2545 1074 2619 est,
1085 2553 1225 2626 sperare
1234 2553 1318 2599 sem·

243 2663 351 2742 tper.
378 2642 528 2718 Perditis
556 2647 651 2716 enim
675 2641 802 2734 rebus,
828 2643 1007 2744 profugit,
1023 2646 1212 2743 Asiamque
1234 2639 1319 2714 veiis

275 2764 385 2858 petit:
401 2777 568 2832 venturus
591 2759 642 2832 ibi
660 2764 697 2834 in
717 2786 843 2833 manus
865 2758 1020 2834 hostiurn
1034 2777 1070 2834 et
1088 2775 1247 2834 catenas:
1270 2775 1320 2850 ct,

313 3007 394 3063 'Cart
413 3011 480 3066 vm.
500 3013 606 3066 Beturri
623 3030 678 3066 curt
696 3015 782 3068 erro
821 3014 891 3069 mole
912 3015 974 3068 betti
994 3015 1083 3088 piures
1102 3016 1215 3068 fortasse
1235 3029 1323 3066 versus

277 3089 781 3161 Pourtto.A.U.716,anteC.N.38,
821 3095 996 3149 intercidisse.
1024 3125 1060 3136 -
1080 3095 1184 3146 Piratat
1211 3090 1322 3144 navales.

184 3231 187 3236 Ι
277 3186 346 3221 coss.
366 3171 454 3243 Appio
472 3171 583 3225 Claudio
603 3171 732 3238 Pulchro,
750 3171 780 3224 C.
821 3174 888 3226 Cum
911 3175 1039 3228 Saimasio
1059 3174 1103 3226 bic
1122 3184 1247 3244 putamus
1271 3169 1324 3222 dici

277 3247 406 3300 Norbano
418 3249 524 3302 Flacco.
539 3252 597 3302 Hoc
610 3249 709 3303 boilum
721 3251 783 3302 scri·
823 3271 882 3317 eos,
903 3255 948 3323 qui
968 3255 1069 3323 magnis
1084 3250 1196 3306 navibus
1212 3263 1240 3303 et
1253 3253 1322 3320 justa

278 3326 346 3379 bunt
364 3329 419 3380 Liv.
440 3327 695 3392 GKRVH-cxxix,
718 3331 783 3384 Suo·
822 3328 905 3386 classe
920 3335 1056 3405 piraticam
1074 3344 1210 3397 exercent,
1228 3344 1258 3382 ut
1274 3348 1325 3402 op-

278 3421 335 3460 tou.
353 3407 490 3478 Augusto,
507 3429 565 3482 cap.
585 3411 630 3474 16;
647 3413 782 3484 copiosius
822 3425 959 3483 ponantur
980 3411 1120 3480 Cilicibus,
1143 3429 1211 3484 quos
1230 3410 1325 3462 Florus

181 3531 184 3537 .
279 3488 429 3566 Appianas,
446 3486 564 3541 debello
578 3489 652 3544 Civili
669 3490 736 3544 libro
749 3493 782 3558 V,
822 3495 879 3562 ipse
891 3510 972 3564 supra
983 3491 1105 3557 tradidit,
1121 3492 1225 3546 levibus
1238 3509 1270 3544 ao
1281 3491 1327 3542 fu·

278 3585 306 3638 p.
321 3565 367 3636 741
378 3588 385 3628 ;
398 3567 509 3639 Eutrop.
521 3569 583 3635 Vll,
602 3586 628 3632 ις
642 3567 720 3623 Oros.
734 3572 781 3636 v1,
823 3571 932 3641 pacibus
947 3573 1057 3643 navigiis
1072 3591 1129 3625 esso
1143 3589 1215 3623 usos.
1227 3599 1262 3610 -
1273 3571 1326 3622 Pe·

284 3645 328 3708 16;
341 3645 406 3697 Ptin.
417 3647 476 3713 vll,
489 3644 536 3714 45;
552 3647 633 3700 Solio.
647 3668 708 3720 cap.
720 3651 745 3704 3.
824 3651 902 3702 nitus.
911 3649 1324 3720 GroeviusiegiroiebatPetiIitu:

319 3724 782 3800 r.Alterjuoettum.Cn.Pompeius,
824 3727 1074 3801 quequidemlectio
1083 3731 1237 3782 occurritin
1247 3726 1326 3780 codd.

281 3803 380 3878 dequo
394 3825 475 3879 supra
486 3807 530 3875 IV,
543 3825 572 3875 a,
587 3808 629 3862 86.
650 3839 684 3850 -
700 3808 781 3860 Alter.
823 3808 893 3861 Fior.
907 3823 933 3861 et
945 3809 1030 3862 Rerol.
1041 3839 1078 3849 -
1087 3810 1117 3862 Si
1129 3808 1200 3860 nihii
1210 3817 1330 3860 tentasset

279 3883 372 3938 Sextus
380 3888 529 3959 Pompeius,
536 3887 629 3961 dequo
635 3889 679 3942 hic
688 3892 782 3962 agitur.
823 3887 937 3944 ulterius.
949 3891 1007 3942 Hoc
1017 3905 1066 3956 est,
1076 3891 1098 3942 si
1106 3889 1139 3941 ab
1147 3891 1268 3961 Augusto
1276 3889 1329 3939 vic·

318 3965 637 4022 2·3.Hicsecum...tuntn
645 3969 782 4037 mole,etc.
826 3983 867 4020 tus
884 3969 1005 4022 cedendo
1024 3971 1136 4042 tempori
1153 3987 1181 4022 se
1194 3969 1229 4021 ad
1246 3968 1329 4020 altera

281 4047 362 4098 Plane
377 4050 533 4102 assentimus
546 4050 696 4115 Gronovio,
711 4051 784 4102 Gru·
824 4047 894 4100 bella
908 4063 1083 4111 reservasset,
1097 4065 1186 4120 neque
1200 4048 1226 4100 in
1238 4047 1330 4098 Asiam

282 4127 323 4178 vio
333 4125 442 4198 aliisque
452 4125 601 4180 dicentibus
612 4128 684 4180 hunc
694 4127 784 4181 locum
825 4129 984 4198 aufugisset,
997 4130 1057 4194 ubi,
1067 4131 1094 4180 in
1104 4130 1168 4200 fuga
1178 4125 1330 4198 deprehen·

281 4205 403 4259 mutilum
415 4225 488 4270 esse3
504 4219 530 4259 et
542 4221 602 4260 ante
616 4207 698 4259 rerba
711 4219 784 4260 touta
826 4225 885 4275 sus,
896 4211 1007 4280 turpiter
1019 4209 1123 4261 occisus
1135 4220 1185 4260 est.
