3108 4956
452 571 597 636 LIBER
619 567 943 634 MEMORIALIS.
1157 568 1220 636 353

172 691 318 784 nobilia,
332 691 431 792 cujtts
454 692 502 766 ad
523 697 697 766 sinistram
719 691 874 791 Clypeus
894 697 1091 792 appositus,
1104 719 1221 794 quem

176 809 287 910 digito
301 812 424 909 tangit.
437 811 478 880 ln
492 835 564 909 qno
581 808 719 910 Clypeo
731 808 852 880 medio
865 807 1001 882 Daedali
1015 821 1070 883 'est
1084 814 1221 912 imago,

174 929 225 998 ita
245 924 436 1016 collocata,
455 951 564 1025 quam
584 928 611 997 si
633 928 711 1024 quis
731 926 923 1023 imaginem
942 951 961 996 e
982 923 1120 1026 Clypea
1137 925 1224 1000 velit

175 1038 319 1132 tollere,
335 1045 429 1140 perit
443 1055 560 1114 totum
577 1064 682 1138 opus,
700 1037 847 1111 solvitur
864 1041 959 1110 enim
974 1043 1132 1139 signum.¹
1142 1044 1223 1141 ipsa
1308 1056 1311 1064 '

176 1174 297 1230 autem
316 1156 384 1232 dea
400 1155 510 1230 hahet
520 1155 662 1230 hastam
682 1154 728 1227 de
750 1157 921 1256 gramine.
943 1151 1008 1228 llio
1025 1154 1116 1254 lapis
1133 1179 1224 1257 qua·
1286 1201 1292 1208 ¹·

179 1269 316 1362 drutus,
336 1269 399 1344 ubi
413 1269 610 1346 Cassandra
626 1268 694 1342 fuit
708 1268 865 1369 alligata,
880 1295 988 1369 quem
1006 1274 1035 1343 si
1051 1287 1133 1344 anta
1147 1290 1227 1346 tan-

179 1413 240 1486 gas
257 1403 318 1460 aut
337 1385 515 1476 fricueris,
535 1384 592 1458 lac
614 1383 787 1458 demittit:
806 1411 849 1458 ex
866 1383 1110 1459 alternantem
1126 1405 1228 1488 parte

179 1502 341 1576 similiter
354 1506 383 1574 si
395 1500 517 1592 fricas,
531 1501 595 1574 ⁶ae
609 1505 639 1574 si
652 1505 859 1600 sangninem
872 1505 1035 1576 remittit·
1049 1506 1155 1577 Juxta
1168 1531 1231 1577 au·-

181 1631 256 1690 tem
273 1641 387 1706 mare,
405 1621 467 1718 qui
486 1614 587 1689 loeus
602 1613 750 1688 ⁷Rhoete
765 1615 1000 1706 vocatursibi
1018 1617 1231 1692 estAehillis
1337 1611 1339 1616 ’

182 1749 219 1804 et
245 1730 399 1804 Patrocli
424 1729 560 1820 vultus,
589 1747 624 1804 et
652 1728 786 1804 flumen
816 1729 1058 1806 Scamandras.
1086 1731 1230 1831 Epheso

182 1851 304 1921 Dianae
312 1846 436 1920 fanum
444 1845 713 1938 nobilissimum,
723 1851 930 1939 martimum,
940 1847 1232 1947 pulcherrimum

183 1989 253 2064 que
263 1961 360 2036 orbis
369 1980 555 2036 terraram.
567 1965 719 2036 introitu
728 1962 853 2036 dextra
863 1968 1001 2036 sinistra
1012 1981 1130 2063 postes
1139 1969 1234 2038 man-

183 2078 1235 2180 moraimonolithi,longicubitisXX‚quasup'ertemplum

185 2221 330 2268 ascensu
342 2212 423 2268 sunt
434 2197 528 2268 CXL
541 2195 663 2270 millia.
678 2197 785 2268 Samo
796 2199 834 2268 in
845 2193 982 2293 templo
995 2197 1236 2296 iunonis-sey-

184 2308 278 2409 phus
296 2308 411 2384 tactus
426 2336 469 2388 ex
483 2308 634 2404 hedera,
650 2309 750 2410 cujus
767 2314 885 2410 capita
899 2308 997 2384 foras
1007 2313 1071 2402 tv,
1089 2315 1237 2396 arietina

184 2419 333 2525 magna,
358 2423 525 2498 cornibus
544 2430 643 2500 mir'ae
665 2424 920 2526 magnitudinis
943 2431 1125 2500 contortis.
1149 2431 1237 2500 Per-

184 2567 292 2640 gamo
302 2567 365 2616 ara
373 2567 587 2634 marmorea,
597 2569 737 2644 magna,
748 2541 819 2616 alta
828 2541 937 2642 pedes
946 2545 1022 2634 XL,
1033 2567 1116 2616 cum
1125 2547 1238 2617 maxi-

186 2661 254 2730 mis
265 2655 464 2757 sculpturis.
481 2661 650 2733 Continet
661 2677 782 2734 autem
793 2658 1127 2760 gigantomachiam.
1143 2656 1238 2731 Rho·

189 2771 237 2846 do
257 2778 397 2874 signum
416 2778 539 2847 Dianae
559 2801 803 2850 marmoreum
821 2773 1120 2874 pulcherrimum,
1140 2771 1241 2872 quod
1321 2824 1325 2830 -

189 2903 258 2959 stat
273 2887 338 2960 sub
355 2886 438 2962 divo
456 2889 559 2978 caeln,
574 2917 657 2980 nec,
672 2917 756 2964 cum
771 2889 879 2989 pluit,
890 2915 983 2989 aqua
996 2893 1166 2988 tangitun
1177 2889 1242 2960 Ar·

190 3028 280 3102 gyro
301 3002 494 3077 astianum
517 3009 665 3078 Veneris
687 3019 796 3104 super
815 3030 933 3093 mare3
955 3002 1005 3075 ibi
1026 3018 1078 3076 est
1096 3001 1243 3076 lucerna
1276 3057 1286 3079 .

190 3145 299 3217 super
319 3118 574 3192 candelabrum
590 3125 724 3218 posita,
745 3118 868 3191 lucens
888 3118 935 3190 ad
950 3143 1050 3190 mare
1069 3117 1135 3192 sub
1150 3118 1242 3192 divo

192 3232 297 3324 caelo,
316 3259 425 3333 quam
440 3259 557 3334 neque
569 3251 695 3308 ventus
707 3238 880 3334 aspergit,
896 3259 962 3308 nec
979 3232 1104 3332 pluvia·
1118 3237 1243 3307 exstin-

192 3351 277 3449 guit.
295 3348 366 3422 Sed
379 3367 416 3422 et
426 3348 591 3423 Herculis
608 3349 700 3423 aedes
711 3353 872 3449 antiqua3
889 3347 940 3421 ibi
954 3347 1142 3422 ⁸columna
1158 3377 1244 3450 pen·

194 3462 256 3538 det
269 3491 377 3538 cavea
395 3463 511 3538 ferrea
525 3463 696 3555 rotunda,
713 3468 838 3565 inqua
857 3461 1024 3538 conclusa
1041 3463 1176 3565 Sibylla
1189 3464 1244 3538 di-

195 3582 297 3652 citur.
314 3577 369 3653 lbi
383 3577 505 3678 jacent
522 3605 600 3652 ossa
616 3577 777 3670 balaenae,
796 3584 897 3679 quasi
912 3576 1049 3679 lapides
1066 3579 1242 3682 quadrati.

232 3889 258 3943 6.
275 3891 314 3944 Ae
328 3893 351 3945 si
362 3893 514 3965 sanguinem
530 3895 646 3948 remittit.
661 3893 702 3948 Ae
741 3907 818 3947 tenne
836 3894 863 3945 in
882 3893 986 3965 clypeo.
1004 3891 1057 3945 Sed
1077 3891 1247 3944 deiminio-et

196 3971 219 4023 si
232 3969 387 4044 sanquinem
407 3972 534 4039 remittat,
553 3973 701 4026 Perizonius
741 3973 951 4043 Perizoniuepro
962 3969 1060 4038 mitro,
1075 3973 1247 4044 conjecerant

196 4047 337 4120 legendum
350 4065 449 4103 censet.
694 4081 696 4089 ι
743 4051 870 4116 tamaius,
890 4063 917 4103 et
932 4051 975 4104 hie
993 4050 1178 4119 Scamandrot,
1196 4069 1246 4124 pro

233 4145 260 4198 7.
277 4127 374 4182 Rhoete.
390 4129 523 4184 Rhoeteae.
540 4129 649 4184 Selmae.
669 4129 704 4183 ad
743 4131 924 4185 Scamandrus.
1084 4177 1088 4186 .
1151 4139 1153 4147 ’

199 4207 280 4260 Solio.
293 4229 320 4281 p.
331 4211 391 4264 610.
406 4209 531 4281 idemque
544 4209 646 4263 nultum
656 4229 703 4262 ex·
779 4211 804 4264 8.
816 4209 858 4264 sti
872 4209 1001 4263 cotomna.
1006 4209 1110 4282 pendet.
1127 4213 1199 4262 Fon.
1212 4209 1248 4258 itt

202 4287 276 4354 ponit
296 4289 434 4359 imaginem
455 4307 515 4354 ore,
533 4288 574 4341 rel
593 4302 702 4361 pertore
743 4310 773 4356 e,
786 4289 827 4340 rei
839 4309 855 4340 a
867 4286 990 4340 columna
1000 4289 1105 4360 pendet.

1092 4377 1124 4428 23
