3108 4956
484 487 630 553 LIBER
651 485 979 554 MEMORIALIS.
1191 489 1253 577 347

205 613 506 713 aSeptemtrione.
519 615 647 702 Notus,
657 610 754 685 idern
763 609 849 686 Libs
860 625 894 686 et
903 613 1041 703 Auster,
1053 626 1088 686 et
1098 609 1252 704 Africus,

206 729 402 804 aMeridie.
418 733 467 802 Hi
483 745 564 802 sunt
575 746 730 830 quatuor
742 725 940 830 generales,
956 731 1073 802 caeteri
1086 726 1256 830 speciales

206 841 467 918 adscribuntur.
480 845 530 916 Ut
545 847 656 945 Iapyx
667 841 851 944 Zephyro,
865 845 927 943 qui
939 841 984 916 ab
1001 847 1149 944 Iapygio
1161 845 1255 943 Apu·

205 959 519 1060 liaepromontorio
528 959 601 1033 ilat.
614 963 841 1033 Leuconotus
849 958 961 1049 Noto,
976 985 1087 1060 quum
1100 964 1257 1056 serenior

205 1076 279 1148 ilat.
296 1078 432 1149 Caurus
444 1074 630 1176 Aquiloni,
648 1099 757 1175 quum
772 1071 1017 1148 vehementior
1029 1071 1160 1148 Gallias
1172 1098 1257 1174 per-

207 1189 280 1265 llat.
296 1195 387 1266 Item
403 1193 543 1282 Etesiae,
558 1196 619 1294 qui
634 1195 730 1266 statis
745 1189 870 1264 diebus
886 1185 974 1264 flant
984 1212 1051 1290 per
1064 1207 1229 1264 aestatem.

206 1495 1257 1520 ΜΜΜΜΜΜΜΛΜΑΜΜΜΛΜΜΜΜΜ

693 1693 769 1768 Vl.

442 1939 510 2010 DE
535 1938 680 2010 ORBE
705 1933 1023 2012 TERRARUM.

257 2176 367 2251 Orbis
379 2193 571 2270 terrarum,
587 2185 648 2280 qui
660 2179 725 2252 sub
741 2177 827 2252 caelo
840 2194 906 2266 est,
923 2193 1092 2278 quattuor
1107 2181 1260 2276 regioni-

209 2289 276 2362 bus
287 2291 464 2366 incolitur.
480 2295 560 2366 Una
572 2320 655 2393 pars
669 2295 743 2394 ejus
754 2309 822 2385 est,
836 2298 873 2366 in
885 2315 956 2393 qua
969 2318 1034 2364 nos
1048 2289 1260 2364 habitamus.

209 2403 331 2479 Altera
351 2406 434 2480 huic
456 2413 652 2500 contraria,
674 2433 782 2509 quam
805 2413 867 2508 qui
890 2406 1065 2498 incolunt,
1087 2423 1260 2480 vocantur

209 2519 475 2596 Antichthones
502 2524 666 2615 Quarum
692 2522 876 2598 inferiores
903 2520 982 2596 duae
1011 2548 1053 2596 ea
1079 2523 1259 2594 contrario

209 2633 337 2710 harum
356 2643 447 2743 sitae,
467 2665 555 2740 quas
573 2646 635 2742 qui
656 2641 833 2731 incolunt,
857 2658 1031 2714 vocantur
1050 2635 1258 2737 antipodes.

209 2750 318 2824 Orbis
329 2769 521 2845 terrarum,
534 2779 643 2856 quem
654 2782 719 2830 uos
731 2754 898 2846 colimus,
910 2760 947 2828 in
958 2772 1030 2828 tres
1042 2767 1160 2852 partes
1173 2749 1260 2822 divi·

211 2863 317 2955 ditur,
334 2867 554 2969 totidemque
570 2875 726 2944 nomina.
743 2871 840 2961 Asia,
854 2895 933 2971 quae
950 2884 1001 2943 est
1016 2875 1109 2940 inter
1122 2868 1261 2938 Tanain
1368 2913 1371 2920 ·

212 2992 248 3050 et
263 2976 395 3050 Nilum.
412 2980 544 3080 Libya,
566 3008 645 3083 quae
666 2998 718 3055 est
737 2987 830 3055 inter
848 2981 967 3054 Nilum
990 2998 1026 3053 et
1044 2978 1261 3052 Gaditanum

211 3095 338 3164 sinum.
349 3095 511 3193 Europa,
525 3121 603 3195 quae
613 3111 666 3169 est
676 3101 769 3168 inter
782 3095 914 3170 fretum
924 3112 960 3170 et
970 3098 1117 3168 Tanain.
1131 3096 1171 3165 ln
1180 3095 1264 3166 Asia

212 3205 415 3282 clarissimae
429 3227 572 3310 gentes,
588 3211 686 3302 ludi,
701 3212 820 3302 Seres,
839 3214 971 3301 Persae,
986 3209 1102 3300 Medi,
1122 3207 1262 3297 Parthi,

212 3323 361 3416 Arabes,
378 3324 537 3428 Bithyni,
555 3325 727 3428 Phryges,
744 3326 994 3428 Cappadoces,
1008 3323 1151 3417 Cilices,
1166 3327 1261 3424 Syri,

215 3437 347 3539 'Libyi
359 3441 552 3542 luEuropa
562 3441 762 3522 clarissimae
770 3439 1261 3542 gentes,Scythae,Sarmatae,

213 3551 1261 3647 Germani,Daci,Moesi,Tbraces,Macedones,Dalmatae,

212 3667 401 3768 Pannonii,
411 3667 558 3768 lllyrici,
571 3672 705 3764 Graeci,
714 3671 808 3764 ltali,
822 3671 931 3764 Galli,
943 3687 955 3718 ²
965 3674 1085 3771 Spani.
1098 3671 1137 3743 ln
1148 3669 1264 3770 Libya

212 3797 336 3883 gentes
350 3781 565 3877 clarissimae,
583 3787 783 3888 AEthiopes,
802 3791 936 3880 Mauri,
951 3787 1131 3878 Numidae,
1146 3789 1262 3877 Poeni,
1305 3865 1308 3874 Α

249 3967 310 4023 Cir.
321 3967 364 4021 Vl.
376 3998 411 4009 -
423 3985 445 4023 1.
455 3969 536 4041 tityi.
550 3971 622 4023 Fon.
636 3969 703 4043 lydi
709 4009 715 4031 ,
758 3971 907 4026 sanbonnm
918 3971 952 4024 ad
966 3971 1095 4043 spartian.
1111 3969 1217 4022 Adrion.
1236 3985 1244 4019 ι
1255 3989 1263 4030 ;

212 4045 254 4101 vel
268 4045 346 4121 Lydii
352 4071 361 4110 ,-
376 4063 422 4102 aut
436 4049 518 4122 lycii.
758 4051 914 4106 Salmninm
927 4050 961 4103 ad
970 4049 1085 4123 Capitol.
1096 4052 1192 4103 Antoo.
1206 4045 1263 4099 Plri-

250 4147 275 4182 α.
288 4129 379 4202 Spurii.
394 4133 445 4184 Pro
457 4131 568 4202 Hispani
582 4153 587 4182 :
608 4143 638 4185 ut
650 4131 719 4206 Spa·
758 4130 808 4184 los.
827 4147 854 4185 r:
871 4145 897 4184 et
910 4129 986 4184 nard.
1002 4129 1037 4184 ad
1051 4127 1140 4204 Viryss.
1160 4127 1260 4182 AEneid.

215 4207 272 4275 nia,
285 4225 334 4281 pro
346 4209 482 4282 Hispania.
497 4205 592 4263 Videre
603 4208 665 4263 licet
674 4209 720 4263 Ca·
760 4209 810 4275 ut,
822 4209 881 4265 582.
