3102 4942
397 507 701 574 rssrnrorua
725 509 786 572 ar
808 467 1017 573 ionicis.
1192 534 1227 574 ιι

188 631 281 692 adam
302 651 375 692 cum
395 631 540 692 fluctibus
561 631 764 713 procellisque
783 629 988 708 commercio,
1010 631 1232 693 debellandum

187 727 369 790 stradidisse
381 751 484 811 regem
496 733 594 790 ventis
607 730 768 791 videretur.
781 757 794 788 ιι
809 731 846 790 ln
859 745 950 814 poeta
959 729 1020 792 hoc
1034 742 1112 794 esset
1122 728 1234 792 tolera·

184 825 264 903 bile,
279 839 311 886 et
327 828 381 902 rix
396 826 539 908 quidem:
553 849 627 889 narn
641 839 671 888 et
689 824 755 890 haec
773 826 944 909 hyperbole
958 827 1089 890 modurn
1108 827 1234 890 excedit.

184 925 263 986 Vere
283 927 368 987 enim
387 938 494 988 monet
514 926 744 1006 Quinctilianus
762 928 796 986 in
816 927 913 986 Instit.
932 927 1038 986 Orat:
1061 952 1074 984 ιι
1084 927 1235 1004 Quamvis
1289 919 1291 933 ’

187 1023 314 1083 romnis
334 1021 505 1106 hyperbole
524 1023 606 1086 ultra
624 1023 739 1100 fidem,
758 1033 946 1082 nontamen
965 1043 1028 1084 esse
1046 1023 1136 1086 debet
1154 1024 1235 1084 ultra
1262 1063 1266 1072 ι

187 1120 358 1181 amodum:
380 1141 437 1180 nec
457 1120 520 1180 ulla
538 1122 638 1202 magis
657 1121 708 1180 via
726 1121 760 1180 in
781 1123 935 1201 κακιζηλίαι
954 1121 1051 1179 itur.»
1072 1121 1149 1180 Sane
1169 1119 1235 1180 haeo

185 1219 292 1278 omnia
302 1231 430 1280 ventosa
441 1230 514 1279 sunt
525 1232 555 1279 ct
568 1219 727 1291 enormia,
740 1216 844 1298 qualia
858 1216 912 1276 illa
922 1217 1030 1290 Cestii,
1041 1237 1110 1298 quae
1124 1220 1236 1278 &neca

184 1314 263 1376 ridet
280 1315 401 1377 Suasor.
420 1336 453 1375 r:
475 1340 489 1370 ιι
499 1315 617 1374 Fremit
632 1314 787 1390 Oceanus,
805 1314 891 1395 quasi
909 1312 1136 1392 indignaretur,
1152 1315 1236 1393 quod

186 1436 199 1466 a
208 1424 303 1474 terras
321 1412 538 1492 relinquimus.
550 1437 564 1467 ιι
583 1410 695 1471 Putide
708 1431 950 1494 nonnumquam
966 1409 1174 1470 eruditionem
1189 1429 1237 1468 os·

183 1519 297 1582 tentat,
315 1521 346 1568 et
364 1529 432 1568 non
448 1528 505 1568 suo
522 1506 600 1567 loco.
619 1508 713 1568 Libro
733 1508 941 1590 l,17,quum
961 1507 1087 1568 dixisset
1104 1505 1236 1566 Fabium

183 1604 360 1664 Maximum
374 1605 472 1685 captis
490 1604 699 1686 superioribus
713 1602 796 1686 jugis
812 1605 847 1664 in
863 1601 1017 1684 subjectos
1031 1625 1089 1664 suo
1100 1603 1170 1685 jure
1183 1597 1237 1662 de-

184 1703 339 1782 touuissc,
362 1701 530 1764 subnectit:
556 1704 624 1763 «Ea
648 1723 785 1786 namque
810 1703 924 1786 species
947 1703 1008 1764 tuit
1031 1704 1119 1764 istius
1141 1701 1234 1774 belli,

186 1825 201 1856 ιι
211 1800 300 1882 quasi
317 1801 350 1860 in
364 1801 532 1881 terrigenas
545 1821 562 1860 e
578 1801 653 1862 caelo
668 1823 704 1863 ac
720 1802 857 1862 nubibus
871 1801 932 1863 tela
946 1804 1152 1875 mitterentur,
1162 1827 1177 1858 ιι
1196 1819 1236 1860 ne

183 1893 298 1957 scilicet
325 1899 572 1980 praetermitteret
599 1899 793 1959 occasionem
823 1897 1107 1980 gigantomachiam
1136 1897 1236 1959 incul-

184 1994 284 2055 candi.
301 1993 383 2055 Belle
394 2015 468 2056 sane
482 2007 512 2056 et
525 1996 723 2076 tempestive!
739 1997 826 2076 quasi
842 1997 1015 2075 omnesqui
1030 2015 1047 2054 e
1063 1994 1133 2054 loco
1149 2013 1236 2074 supe-

184 2091 265 2151 riore
288 2105 431 2174 pugnant
453 2093 515 2166 sint
534 2090 643 2168 Jorcs,
664 2105 695 2153 et
714 2091 818 2154 hostes
841 2093 876 2152 in
897 2091 1065 2152 humiliore
1087 2091 1154 2152 solo
1177 2092 1238 2152 sint

184 2188 331 2270 gigantes.
350 2189 397 2250 Sic
416 2188 470 2249 lib.
491 2191 536 2265 ll,
555 2211 622 2272 cap.
644 2211 677 2264 a,
696 2189 736 2250 de
756 2189 927 2271 Calpurnio
947 2189 1105 2262 Flamma,
1123 2189 1176 2267 qui
1196 2187 1235 2248 ab

185 2283 324 2346 hostibus
338 2285 486 2347 insessum
501 2286 614 2349 collem
627 2301 848 2370 occupaverat,
865 2301 895 2346 et
903 2285 969 2367 jam
982 2287 1038 2346 diu
1050 2287 1237 2346 sustinuerat

185 2383 336 2465 impetum
349 2381 503 2456 hostium,
515 2385 615 2445 donec
630 2386 732 2446 omnis
743 2387 912 2452 transiisset
923 2387 1088 2460 exercitus,
1105 2383 1237 2446 subtexit

185 2480 390 2562 ineptissime:
406 2482 480 2541 asic
492 2480 703 2564 pulcherrimo
718 2484 801 2543 exitu
817 2481 1098 2565 Thermopylarum
1115 2493 1145 2542 et
1161 2482 1235 2542 Leo·

187 2576 291 2638 auidae
305 2577 421 2640 famam
438 2579 628 2660 adaequarit,
641 2579 701 2641 hoc
716 2579 866 2640 illustrior
877 2582 997 2656 Noster,
1010 2578 1096 2660 quod
1113 2578 1237 2660 expedi·

187 2701 200 2728 u
210 2675 290 2737 tioni
304 2688 397 2738 tantae
410 2677 579 2760 superfuit,
595 2677 667 2740 licet
679 2677 759 2739 nihil
771 2679 925 2762 scripserit
942 2680 1129 2760 sanguina.»
1144 2678 1236 2759 Papae

184 2786 336 2854 quantum
350 2788 395 2835 est
411 2773 539 2836 doctum
553 2797 632 2852 esse,
644 2789 675 2836 et
688 2789 724 2835 ut
737 2776 790 2837 alii
807 2776 839 2836 id
853 2779 953 2837 sciant
964 2789 1109 2838 testatum
1121 2773 1235 2842 facere!

184 2867 273 2930 Unde
286 2869 376 2931 nobis
389 2877 473 2932 enim
486 2874 632 2952 potuisset
642 2888 784 2932 constare
795 2872 925 2932 Florum
937 2871 1043 2953 legisse
1055 2873 1236 2931 Graecorum

185 2962 347 3040 historias,
366 2966 483 3028 stillas
504 2981 664 3048 tamquam
685 2987 806 3048 ungues
827 2985 898 3028 suos
917 2969 1068 3040 tenuisse,
1091 2965 1151 3024 nisi
1174 2977 1236 3023 tam

186 3059 379 3122 reconditam
390 3062 565 3121 doctrinam
578 3062 630 3122 hic
647 3063 836 3123 venditasset
849 3059 961 3121 nobis?
976 3061 1035 3122 Sed
1052 3059 1118 3120 haec
1135 3072 1237 3120 osten·

184 3158 261 3220 tatio
276 3156 348 3216 vide
364 3177 428 3238 quo
443 3157 580 3218 evaserit.
598 3159 669 3218 Non
687 3157 790 3218 solum
806 3158 985 3241 importune
1001 3155 1052 3218 hic
1068 3154 1237 3216 inculcatus

186 3255 244 3316 luit
252 3255 416 3330 Leonidas,
425 3268 457 3315 at
465 3254 558 3316 stulte
570 3275 641 3316 cum
651 3254 707 3316 illo
719 3254 880 3317 confertur
889 3255 1076 3339 Calpurnius
1086 3254 1235 3331 Flamma,

185 3352 236 3414 sed
247 3352 407 3434 pueriliter
419 3352 638 3430 hallucinatur,
649 3375 747 3436 quum
758 3355 901 3416 Leonidae
911 3355 1034 3431 tribuit,
1045 3375 1114 3437 qum
1122 3353 1235 3414 dicitur

186 3447 374 3532 Othryades,
396 3465 551 3534 tropeum
572 3472 629 3512 suo
651 3452 802 3532 sanguine
821 3452 973 3528 scribens,
998 3451 1120 3527 fecisse,
1142 3471 1235 3532 quem

185 3567 321 3608 errorem
336 3547 402 3629 jam
420 3548 474 3610 alii
491 3563 689 3611 notaverunt.
711 3551 782 3612 Non
801 3551 904 3612 minus
922 3553 1037 3612 insanit
1055 3552 1235 3631 importuna

186 3648 482 3718 commemoratione
493 3661 602 3731 portus
614 3649 798 3723 marmorei,
808 3663 839 3710 et
850 3648 947 3710 fontis
962 3647 1118 3710 Arethusa
1130 3649 1162 3707 in
1171 3647 1236 3718 ⁴ob·

169 3715 306 3804 ¹sidione
327 3743 565 3825 Syracusarum:
592 3747 724 3826 “Longe
752 3743 798 3804 illi
823 3744 933 3826 triplex
956 3763 1080 3820 murus,
1105 3743 1235 3804 totidem

190 3859 311 3916 sarcos,
326 3853 436 3924 portus
451 3841 501 3902 ille
513 3862 720 3920 marmoreus,
735 3855 765 3902 et
776 3842 848 3902 fons
861 3843 1030 3904 celebratus
1044 3839 1209 3903 Arethusae.
1219 3865 1232 3894 ιι

189 3935 278 4013 Quid·
292 3939 347 4000 istc
364 3938 437 4001 fons
460 3935 596 4002 faciebat
616 3940 655 4001 ad
676 3940 804 4003 tutelam
824 3939 928 4001 urbis?
948 3941 1034 4016 Quin
1055 3959 1122 4001 non
1136 3940 1235 4020 ¹longa
1274 3963 1277 3970 ·

188 4046 258 4114 post
272 4035 372 4098 insani
384 4052 506 4098 montes
521 4035 561 4098 ad
575 4036 686 4098 Sardos
697 4037 917 4111 vindicandos,
931 4055 1010 4119 quos
1022 4038 1125 4120 inepte
1138 4038 1237 4117 inges-

188 4129 242 4207 sit,
258 4144 292 4192 ut
306 4145 385 4195 recte
401 4136 523 4198 notarit
537 4133 722 4196 Salmasius?
732 4136 940 4214 Exagitatura
955 4133 1122 4195 Plutarcho
1137 4134 1236 4208 Hege-
