3026 4956
327 481 391 567 370
653 477 800 542 nucu
824 473 1032 542 aurumi

326 621 398 693 tus,
411 607 471 702 qui
484 605 646 698 Pompeii
658 618 776 699 partes
788 619 942 692 secutus,
951 627 1042 673 :mox
1055 626 1077 672 a
1089 602 1226 674 Caesare
1240 605 1381 673 restitu-

324 737 397 809 tus,
412 725 448 794 in
463 735 620 791 mortem
634 718 936 818 ejusoonjuravit,
952 716 1232 818 quodaffectare
1245 743 1379 791 nornen

324 839 462 935 regium
476 833 665 907 videretur.
679 832 831 907 ⁶·Lucius
844 837 995 922 Drusus,
1008 837 1070 934 qui
1084 837 1230 932 agrariis
1241 831 1377 933 legibus

322 949 571 1052 promulgatis,
593 945 772 1022 summum
794 963 884 1049 ⁷pro
906 977 950 1023 eo
972 949 1374 1041 favoremuonsecutus,

322 1091 367 1137 ne
381 1070 554 1166 promissa
570 1065 776 1163 perficeret,
798 1091 865 1164 per
883 1064 1025 1138 insidias
1045 1091 1066 1138 a
1083 1063 1250 1164 Philippo
1268 1067 1372 1140 Cous.

321 1181 420 1255 domi
435 1207 507 1255 suae
522 1179 729 1254 interfectus
746 1199 809 1253 est.
826 1182 987 1254 Lutatius
1003 1180 1163 1272 Catulus,
1185 1185 1372 1280 qui‘Lepi·

319 1297 407 1370 dum
419 1315 498 1370 acta
510 1296 613 1398 Syllae
627 1296 828 1370 rescindere
840 1296 1021 1371 volentem
1033 1297 1203 1370 ⁸admoto
1218 1302 1372 1372 exercitu

318 1413 417 1487 ltalia
436 1412 588 1513 fugavit,
610 1429 648 1486 et
664 1412 757 1485 solus
778 1419 937 1487 omnium
958 1419 1033 1486 sine
1052 1418 1222 1514 sanguine
1238 1412 1371 1486 bellum

317 1527 419 1601 civile
439 1528 609 1602 confecit.
636 1530 726 1602 Cato
748 1530 955 1620 Censorius,
979 1533 1041 1629 qui
1063 1534 1167 1604 toties
1190 1546 1370 1603 accusatus

316 1661 384 1734 est,
408 1643 529 1743 quood
543 1647 645 1733 vixit,
668 1658 837 1718 nocentes
853 1671 1020 1718 accusare
1034 1670 1107 1718 non
1133 1639 1285 1718 destitit.
1303 1647 1369 1717 Hic

318 1778 370 1834 est
383 1763 545 1832 omnium
556 1785 677 1832 rerum
688 1765 937 1859 peritissimus,
951 1778 1003 1853 et,
1018 1777 1057 1834 ut
1070 1759 1232 1834 Sallustio
1245 1765 1368 1862 Crispo

317 1876 472 1965 videtur,
485 1877 639 1948 Romani
649 1879 788 1973 generis
800 1873 1047 1948 disertissimus
1059 1877 1161 1948 Cato.
1177 1879 1268 1952 Cato
1281 1881 1368 1950 Prae·

313 1996 441 2081 torius,
462 1994 524 2092 qui
547 1988 642 2064 bello
663 1988 758 2066 civili
776 2008 896 2088 partes
913 1993 1076 2088 Pompeii
1094 2008 1251 2084 secutus,
1276 1998 1367 2065 mori

314 2103 453 2196 maluit,
475 2132 585 2207 quam
602 2123 778 2205 superstes
799 2131 872 2178 esse
891 2111 980 2204 reip.
1004 2109 1180 2180 servienti.
1203 2109 1366 2198 Scaurus,

218 2249 219 2254 ¹
314 2227 376 2322 qui
385 2227 498 2294 vetuit
507 2221 622 2294 filium
631 2225 670 2294 in
680 2238 913 2321 conspectum
923 2247 1027 2295 suum
1036 2225 1171 2311 venire,
1182 2221 1369 2323 quiabello

313 2340 493 2437 ⁹Cyprico
519 2337 733 2410 deseruerat.
757 2339 877 2436 Scipio
905 2340 1082 2428 ¹⁰Nasicu,
1107 2343 1190 2438 quia
1210 2365 1284 2411 non
1303 2343 1368 2413 rite

314 2459 541 2552 inauguratus
558 2450 690 2526 Consul
704 2453 901 2544 videretur,
917 2453 1101 2526 consulatu
1117 2481 1154 2528 se
1171 2453 1367 2546 abdicavit,

315 2586 350 2642 et
365 2568 507 2641 domitis
520 2565 693 2639 Dalmatis
710 2564 910 2639 oblatuma
926 2569 1057 2641 Senatu
1072 2567 1298 2669 triumphurn
1312 2595 1369 2642 re-

314 2684 491 2784 pudiavit,
507 2699 725 2781 statuasque,
741 2708 828 2781 quas
844 2681 911 2754 sibi
926 2687 1074 2783 quisque
1088 2688 1124 2756 in
1139 2683 1284 2783 publico
1297 2712 1368 2785 po-

313 2815 448 2888 suerat,
460 2804 496 2870 in
507 2824 656 2872 censura
666 2823 727 2870 sua
738 2796 885 2870 sustulit.
900 2801 1044 2872 Censuit
1054 2805 1092 2872 in
1101 2816 1224 2874 senatu
1232 2819 1365 2890 tamen,

317 2913 570 3014 Carthaginem
590 2938 664 2986 non
686 2939 760 2986 esse
780 2911 994 2987 delendam:
1013 2919 1209 3014 propterea
1234 2932 1261 2961 ¹¹
1274 2923 1366 3017 opti-

314 3086 365 3139 sed
382 3099 458 3140 errat.
476 3085 518 3138 Ab
535 3086 642 3158 Opimio
659 3087 761 3137 occisus
781 3097 819 3138 est
861 3085 1006 3154 referatur,
1022 3105 1037 3138 e
1053 3083 1125 3139 Flor.
1143 3088 1192 3152 lll,
1210 3087 1258 3152 23,
1275 3085 1301 3140 5.
1315 3083 1367 3138 Sed

313 3166 343 3218 C.
353 3166 507 3219 Gracchus:
521 3165 601 3237 hujus
612 3178 700 3216 eutem
710 3181 820 3216 uxorem
861 3165 898 3214 sic
912 3181 1002 3215 rursus
1015 3164 1076 3214 infr.
1090 3183 1113 3216 c.
1129 3166 1234 3216 xxvlt.

312 3248 395 3300 fuisse
414 3247 541 3315 Licinium
560 3259 697 3298 constare
715 3244 820 3297 Plutar-
886 3261 921 3312 19.
940 3243 1057 3316 Cypriae.
1074 3244 1208 3296 Cimbrico.
1222 3243 1280 3295 vat.
1296 3243 1364 3295 Max.

312 3322 377 3385 cho;
394 3323 427 3374 ad
442 3341 520 3395 qnam
531 3326 559 3374 in
573 3321 591 3374 l.
604 3323 652 3390 66,
669 3342 709 3396 pr.
726 3324 757 3373 ll.
771 3323 820 3376 So·
860 3324 980 3391 V,8,4.

309 3402 358 3454 hrt.
370 3405 481 3456 matrim.
496 3405 611 3475 pertinet
622 3401 818 3474 disputatioju-
897 3420 936 3456 10.
951 3405 1055 3456 Nasica.
1069 3405 1108 3456 Ex
1119 3403 1208 3457 Aurel.
1223 3405 1292 3457 Vict.
1306 3423 1364 3476 cap.

310 3481 529 3535 risconsultorum
555 3480 588 3533 de
613 3481 677 3532 dote
700 3483 814 3534 Licinia.
856 3483 948 3534 XLlV.
962 3482 1012 3536 Sed
1027 3482 1060 3536 de
1074 3484 1208 3556 triumpho
1223 3483 1364 3558 repudiato

310 3557 383 3614 Bruti
404 3559 512 3614 Callaici
533 3559 611 3612 filiam
630 3561 670 3612 Ti.
691 3559 815 3612 Graccho
856 3561 953 3614 falsum
975 3575 1023 3614 est.
1047 3562 1108 3615 Vid.
1127 3563 1201 3634 rign.
1226 3565 1259 3614 A.
1279 3565 1311 3614 U.
1332 3560 1365 3614 sd

310 3655 421 3713 nuptam
434 3642 515 3694 fuisse
528 3639 635 3713 quidam
650 3639 816 3693 tradiderunt
857 3641 951 3706 DXCl,
965 3641 1058 3692 DXCV
1070 3655 1096 3694 et
1105 3643 1244 3695 Dxcvtlt.

258 3779 261 3784 ¹
309 3723 382 3792 apud
399 3721 532 3776 Plutarch.
550 3719 596 3775 sed
609 3718 728 3792 plerique
744 3725 815 3792 App.
896 3721 1363 3793 11.0ptimus.Confnnditpntren

310 3801 422 3856 Claudii.
856 3817 918 3851 oum
935 3799 1003 3862 lilio,
1021 3798 1248 3870 quemadmodum
1264 3813 1290 3847 et
1307 3797 1363 3846 du-

344 3883 370 3934 6.
383 3883 484 3935 Lucitas.
496 3883 592 3936 Livius.
856 3879 904 3933 rel.
919 3882 1024 3944 Victor,
1040 3883 1117 3950 cujus
1132 3897 1246 3931 errorem
1261 3877 1362 3928 noterit

346 3979 370 4031 7.
383 3965 436 4014 Pro
450 3982 489 4014 eo.
505 3963 576 4014 Fors.
591 3962 624 4012 P.
634 3961 697 4026 llo,
711 3959 766 4025 vel,
780 3960 811 4011 P.
855 3959 970 4029 Pighius.
993 3961 1061 4012 Num
1080 3958 1159 4031 plene
1181 3973 1283 4011 certum
1306 3971 1362 4022 est,

308 4041 369 4104 llo,
381 4059 478 4112 proco.
853 4051 956 4108 patrem
972 4038 1087 4102 Nasicae,
1103 4037 1137 4088 de
1153 4053 1207 4106 quo
1225 4037 1364 4106 superiora

344 4120 368 4172 8.
386 4119 499 4172 Admota
512 4119 635 4172 exercitu.
652 4121 693 4170 An
707 4119 813 4172 admoto
853 4117 897 4169 illa
912 4119 993 4169 refert
1007 4116 1159 4189 Ampelius,
1174 4119 1306 4188 optimum
1317 4118 1363 4186 ju·

305 4197 361 4250 urbi
378 4197 506 4250 exercitu?
522 4209 551 4248 ut
564 4194 616 4247 hoe
632 4194 665 4248 ad
683 4196 812 4268 Lepidum
854 4195 971 4249 dicatum
1000 4197 1089 4252 fuisse.
1118 4196 1247 4250 Eumdem
1272 4208 1361 4248 autem

911 4457 926 4491 X
