3142 4938
532 413 676 480 mnan
697 365 960 480 saconnus.
1003 507 1007 515 Ι
1210 421 1267 498 ,45

227 537 397 638 quadam,
412 534 565 636 populus
579 539 760 608 Romanus
776 534 911 608 ferrum
927 562 997 608 suae
1012 541 1151 610 virtutis
1170 563 1270 610 acuc-

226 652 298 727 bat.
306 655 453 752 Ligures
464 656 543 725 imis
554 649 796 751 Alpiumjugis
808 648 1026 724 adhaerentes
1035 655 1272 725 interVarum
1306 664 1322 730 4

229 786 264 842 et
276 771 437 841 Macram
453 767 604 856 flumen,
623 766 886 866 implicitosque
907 765 1023 838 dumis
1041 765 1272 856 silvestribus,

229 885 343 985 major
362 883 541 986 aliquanto
565 883 669 956 labor
693 901 768 956 erat
789 886 962 972 invenire,
987 908 1095 983 quarn
1117 889 1280 958 vincere!

217 1004 311 1095 ¹'luti
326 1000 414 1076 locis
431 1017 466 1074 et
481 1001 583 1100 fuga,
598 999 728 1072 durum
746 1015 852 1097 atque
863 997 966 1070 velox
975 1024 1102 1096 genus,
1117 1027 1159 1073 ex
1171 1027 1275 1074 oeca-

230 1122 328 1190 sione
351 1121 462 1218 magis
484 1115 686 1206 latrocinia,
714 1140 821 1213 quam
846 1110 942 1186 bella
964 1112 1128 1186 faciebat.
1153 1119 1275 1214 ltaque
1311 1121 1328 1176 ⁵

230 1259 341 1333 quum
353 1232 415 1305 diu
424 1230 648 1330 multumque
663 1227 847 1302 eluderent
860 1227 971 1328 Salyi,
984 1229 1169 1318 Deceates,
1179 1230 1279 1329 Oxy-

232 1347 301 1434 bii,
327 1345 557 1435 Euburiates,
587 1347 755 1443 Ingauni,
789 1341 935 1414 tandem
961 1340 1102 1414 Fulvius
1126 1341 1280 1417 latebras

232 1489 358 1536 eorum
372 1461 513 1562 ignibus
529 1465 637 1558 sepsit
653 1488 660 1531 :
677 1457 813 1532 Baebius
827 1463 865 1532 in
884 1457 991 1559 plana
1006 1457 1174 1531 deduxit:
1192 1463 1281 1532 Pos-

195 1603 198 1611 ’
233 1580 365 1650 tnmius
381 1581 431 1647 ita
455 1579 663 1665 exarmavit,
689 1590 729 1646 ut
748 1577 806 1646 rix
829 1571 1012 1673 reliquerit
1033 1572 1188 1666 ferrum,
1207 1601 1281 1675 quo

234 1709 330 1766 terra
346 1691 532 1765 coleretur.

234 1917 426 1940 mmm
430 1918 571 1939 ἊΜΜΜ
575 1915 1058 1938 ΜΜΙΛΛΊΜΜΊΜἪΜὟἈΜ
1062 1915 1280 1935 mm

722 2075 794 2148 lV.

468 2290 691 2362 BELLUM
721 2287 1050 2359 GALLICUM*.

288 2469 397 2546 Gallis
417 2471 639 2562 Insubribus,
656 2470 760 2544 ethis
780 2470 914 2546 adcolis
932 2471 1092 2572 Alpium,
1110 2477 1219 2544 animi
1233 2471 1285 2543 fe·
1323 2499 1332 2534 ι

239 2625 328 2677 locum
337 2643 429 2678 ornnes
438 2639 499 2698 post
509 2625 637 2680 Graevium
647 2627 741 2678 merito
784 2624 868 2694 27‚de
875 2624 1031 2695 Liguribus,
1043 2643 1110 2697 quos
1121 2622 1232 2674 musnet
1243 2639 1286 2693 po-

240 2704 482 2775 reprehenderunt,
498 2717 528 2756 ut
542 2719 604 2777 pote
618 2717 688 2756 vana
701 2704 742 2756 af-
783 2707 835 2756 tius
847 2706 1016 2776 quamjmtos
1028 2703 1108 2755 hostes
1120 2713 1205 2752 vocat.

239 2781 383 2834 sectatione
393 2782 526 2854 putidum.
820 2781 845 2834 5.
859 2780 935 2851 Salys'
942 2820 951 2847 ,
963 2783 1097 2844 Deceatcs,
1113 2777 1220 2849 Osybs'r',
1231 2777 1287 2828 Eu-

278 2859 303 2924 4.
317 2861 430 2932 Ligures.
444 2863 497 2930 Qui
509 2861 589 2932 Alpes
601 2862 745 2913 maritimas
784 2860 906 2927 buriates,
915 2860 1036 2912 etc.Non
1044 2857 1289 2910 debetnobisscru-

242 2937 746 3014 incolunt-ImssAlpiumjuqs's.Non
786 2939 880 3010 pulum
901 2940 1025 3010 injicere,
1047 2935 1122 3008 quod
1139 2933 1289 3006 'geographi
1356 2985 1360 3012 s

243 3018 330 3070 audeo
345 3037 407 3071 cum
417 3020 472 3070 Ms.
487 3019 579 3090 Ryckii
593 3019 636 3071 bic
652 3021 747 3071 rescri-
787 3031 888 3069 veteres
907 3013 1003 3067 horum
1022 3014 1186 3086 populorum
1205 3031 1288 3083 quos-

242 3096 306 3150 berc
317 3097 395 3149 inviis
403 3115 453 3168 pro
464 3095 530 3148 imis.
542 3096 667 3169 Alioquin
679 3097 748 3147 enim
788 3095 850 3147 dam
862 3096 930 3147 inter
942 3094 1131 3164 Transalpinos
1143 3094 1287 3144 nominent.

242 3177 368 3229 inutiliter
382 3188 546 3248 sequeretur,
561 3172 750 3250 implicitopque
788 3175 882 3246 Neque
896 3175 966 3226 enim
980 3175 1072 3226 Florus
1088 3176 1224 3250 universos
1239 3170 1289 3223 bos

244 3257 327 3308 dumis
344 3255 516 3322 siluestribus,
533 3255 596 3327 quia
618 3253 660 3306 bis
679 3252 750 3304 idem
789 3256 898 3306 omnino
917 3254 1065 3327 Cisalpinos
1083 3253 1160 3319 dicit,
1181 3251 1243 3320 sed,
1259 3265 1289 3304 ut

245 3336 283 3388 sic
301 3335 440 3389 diceretur.
459 3335 548 3386 Tissa.
566 3363 602 3374 -
617 3332 746 3386 Invenire.
790 3355 820 3389 ex
830 3337 904 3388 initio
914 3337 1049 3406 sequentis
1060 3336 1289 3408 capitiscernimus

247 3413 317 3466 inira
337 3417 387 3482 111,
411 3417 444 3482 8,
466 3413 499 3483 6,
520 3414 553 3467 de
576 3412 745 3467 balearibus:
789 3415 894 3469 adcolas
904 3415 1022 3488 Alpium.
1038 3418 1110 3469 Licet
1122 3430 1210 3468 autem
1222 3434 1289 3467 con·

203 3483 209 3502 ‘
250 3515 261 3540 ι
271 3493 371 3564 Dilapsi
377 3497 405 3546 in
412 3497 547 3567 proximos
555 3494 671 3548 tumulos
680 3512 748 3567 quae-
786 3497 881 3567 jicsre,
892 3494 933 3547 his
942 3497 1005 3568 ipsis
1015 3495 1090 3548 bellis
1100 3496 1226 3548 effectum
1234 3511 1291 3546 esse

250 3597 261 3620 ι
273 3568 348 3624 rendi
360 3589 434 3625 erant
446 3589 476 3626 ut
485 3577 660 3629 vincerentur.
672 3598 683 3622 ι
695 3573 748 3627 sd·
789 3587 819 3628 ut
830 3574 904 3628 sedes
916 3593 975 3628 suas
990 3573 1113 3628 nonnulli
1126 3587 1199 3626 trans
1210 3571 1291 3644 Alpes

247 3651 281 3703 de
293 3651 341 3716 111,
357 3667 402 3716 to,
417 3650 462 3716 ¹43
473 3664 499 3702 et
506 3653 589 3706 Tacit.
600 3655 687 3726 Agris.
700 3653 748 3720 34,
790 3655 967 3724 aufugientes,
981 3656 1116 3707 mutarint.
1125 3655 1215 3705 Tine.

249 3731 274 3782 3.
291 3759 327 3770 -
345 3731 476 3783 Durum..
492 3748 579 3802 penus.
598 3733 685 3784 Durus
700 3751 749 3803 pro
824 3733 900 3785 'Can
908 3734 1208 3786 tvnnsuuGssncss.
1215 3731 1292 3783 Anno

249 3829 281 3862 eo
297 3813 343 3883 qui
357 3810 426 3863 duro
440 3810 531 3880 generi
541 3809 600 3858 vita
614 3823 750 3874 assuetus,
792 3811 870 3865 Urbis
881 3811 947 3879 529,
956 3825 1017 3864 ante
1026 3813 1056 3863 C.
1065 3813 1099 3862 N.
1111 3809 1175 3872 225;
1185 3827 1253 3861 coss.
1263 3811 1291 3862 L.

252 3891 297 3961 qui
316 3890 445 3942 malorum
464 3907 494 3940 ac
513 3885 635 3939 laborum
651 3889 754 3958 patiens
793 3890 896 3942 AEmilio
909 3892 997 3959 Papo,
1011 3891 1075 3941 Caio
1090 3889 1169 3940 Atilio
1184 3889 1292 3960 Regulo.

252 3968 379 4040 estl'irg.
391 3967 448 4021 AEn.
461 3965 564 4036 lll,9l,
576 3986 587 4010 ι
597 3963 754 4024 Dardanide
794 3969 832 4020 De
848 3969 901 4020 boc
917 3966 989 4020 bello
1008 3967 1126 4022 scribunt
1145 3969 1212 4041 Epis.
1230 3968 1295 4022 Livii

255 4045 343 4098 «duri.
354 4070 365 4094 ι
375 4045 564 4099 -Latrocinia
574 4044 664 4117 misyis,
675 4061 755 4116 quam
797 4045 859 4106 XX3
871 4047 980 4117 Eutrop.
993 4047 1040 4113 ΙΙΙ,
1057 4065 1086 4110 ²3
1099 4049 1176 4102 Oros.
1189 4049 1232 4112 IV,
1249 4046 1295 4102 13³

254 4125 322 4180 tetta
338 4127 463 4200 faciebat.
483 4125 556 4179 ldem
574 4127 678 4189 Livius,
695 4123 757 4193 XL,
798 4139 890 4178 auctor
900 4124 933 4178 de
943 4127 994 4178 Vir.
1006 4126 1100 4180 illustr.
1113 4147 1172 4198 cap.
1183 4125 1230 4192 453
1240 4125 1297 4193 lege

1142 4232 1174 4266 10
