3108 4956
513 473 657 540 LIBER
679 473 919 558 QUARTUS.
1175 475 1232 539 28¹

194 597 272 688 bat,
286 601 490 698 imperium,
506 597 664 698 quisdam
678 601 778 700 quasi
793 597 927 671 diluvio
942 614 978 672 et
993 597 1240 672 inflammatio·

194 741 256 804 ne,
273 718 462 814 corripuit:
480 713 570 788 adeo
582 731 623 786 ut
635 739 708 786 non
720 731 817 786 recte
828 731 965 787 tantum
978 715 1078 788 civile
1090 714 1239 806 dicatur,
1258 739 1274 806 4

194 855 237 904 ac
256 855 302 904 ne
318 829 442 904 sociale
459 828 620 930 quidem
644 828 708 902 sed
730 845 1013 916 aeterternam
1038 829 1101 903 sed
1123 833 1241 930 potius

194 969 374 1017 commune
384 944 559 1044 quoddam
571 967 615 1015 ex
625 941 799 1030 omnibus,
815 958 846 1016 et
857 941 1049 1044 plusquam
1064 942 1201 1017 bellum.

243 1061 388 1159 Quippe
399 1061 428 1131 si
440 1057 548 1131 duces
565 1058 638 1158 ejus
652 1061 833 1156 inspicias,
850 1075 945 1131 totns
959 1075 1098 1132 senatus
1114 1065 1151 1132 in
1162 1072 1241 1160 p'ar·
1260 1079 1275 1133 5

194 1171 307 1246 tibus:
321 1177 350 1246 si
363 1177 550 1264 exercitus,
562 1171 646 1246 hinc
656 1171 825 1245 undecim
834 1171 1006 1273 legiones,
1021 1173 1105 1246 inde
1116 1172 1242 1247 decem

196 1305 232 1365 et
246 1306 344 1380 octo,
359 1288 425 1362 flos
437 1293 552 1362 omnis
564 1305 600 1362 et
611 1286 724 1360 robur
734 1286 848 1360 ltalici
862 1293 1058 1388 sanguinis:
1074 1293 1103 1362 si
1115 1289 1243 1362 auxilia

195 1409 390 1496 sociorum,
401 1403 485 1476 binc
498 1403 626 1477 Gallici
638 1404 880 1504 Germanique
892 1402 1067 1495 delectus,
1082 1404 1166 1478 inde
1177 1407 1243 1478 De·

190 1521 345 1622 jotarus,
365 1519 635 1610 Ariobarzanes,
654 1517 968 1610 Tarcondimotus,
989 1521 1113 1620 Cotys,
1135 1546 1243 1594 omne

195 1632 373 1725 Thracia,
391 1633 716 1734 Cappadociaque,
731 1631 880 1724 Cilicia,
896 1633 1133 1726 Macedoniae,
1150 1637 1243 1707 Grae

197 1751 277 1838 ciae,
289 1748 440 1841 AEtoliae‚
453 1753 630 1849 totiusque
641 1747 753 1821 robur
761 1749 937 1822 Orientis:
952 1754 980 1822 si
991 1773 1131 1823 moram
1141 1747 1242 1842 belli,
1259 1773 1277 1825 6

197 1881 352 1966 quatuor
367 1869 465 1956 anni,
484 1881 519 1939 et
537 1889 604 1964 pro
625 1863 727 1938 clade
749 1891 883 1956 rerum,
901 1864 1010 1938 breve
1031 1881 1191 1965 tempus:
1214 1869 1243 1938 si

196 1979 317 2054 locum
335 1998 370 2053 et
388 1984 541 2080 spatium
561 1981 624 2054 ubi
642 1985 870 2053 commissum
885 1997 953 2071 cst,
976 1965 1068 2055 intra
1084 1981 1242 2055 ltaliam:

196 2095 281 2170 inde
296 2123 333 2169 se
351 2101 388 2168 in
407 2096 561 2171 Galliam
574 2099 854 2198 Hispaniamque
868 2095 1027 2188 deflexit,
1046 2123 1245 2171 reversum-

196 2237 267 2313 que
288 2211 334 2284 ab
360 2216 516 2304 Occasu,
539 2217 622 2287 totis
646 2212 780 2286 viribus
803 2216 839 2283 in
861 2214 973 2313 Epiro
994 2210 1245 2314 Thessaliaque

197 2327 378 2401 consedit:
397 2327 480 2402 binc
496 2333 534 2402 in
549 2331 743 2428 AEgyptum
758 2327 876 2401 subito
892 2327 1073 2402 transiliit:
1091 2328 1175 2403 inde
1189 2356 1246 2403 re-

197 2447 313 2543 spexit
322 2444 463 2516 Asiam:
481 2442 565 2516 inde
576 2443 705 2515 Africae
718 2442 898 2517 incubuit:
917 2433 1099 2543 postremo
1115 2449 1151 2517 in
1165 2445 1246 2518 His·

197 2563 342 2659 paniam
359 2565 552 2660 regyravit,
568 2577 604 2632 et
614 2559 666 2632 ibi
678 2557 869 2658 aliquando
884 2559 1027 2634 defecit.
1043 2560 1114 2635 Sed
1125 2589 1198 2635 non
1211 2579 1245 2634 et

198 2673 282 2746 odia
299 2679 454 2774 partium
473 2675 574 2747 finita
592 2699 675 2748 cnm
692 2672 807 2748 bello:
829 2680 1014 2748 nonenim
1034 2680 1131 2774 prius
1149 2680 1245 2776 quie·
1264 2711 1279 2764 7

198 2813 299 2878 vere,
323 2814 430 2887 quam
444 2791 480 2860 in
496 2787 594 2861 Urbe
610 2792 702 2888 ipsa,
723 2787 843 2860 medio
858 2806 999 2880 senatu,
1021 2815 1161 2881 eorum,
1183 2795 1244 2890 qui

200 2904 285 2974 victi
301 2917 415 2990 erant,
433 2900 517 2974 odia
529 2906 674 2975 victoris
687 2928 761 2974 sese
775 2901 873 2974 caede
889 2907 1066 2975 satiarent.

250 3017 381 3088 Caussa
398 3031 504 3087 tantae
528 3013 735 3088 calamitatis
753 3013 896 3105 eadem,
915 3041 993 3114 quae
1011 3021 1171 3089 omnium
1190 3022 1279 3099 ni-a
1340 3085 1344 3094 ,

235 3237 261 3306 4.
273 3239 337 3293 Nou
348 3251 414 3293 recte
428 3249 531 3292 mutuus
544 3237 634 3306 civile,
651 3251 702 3292 etc.
743 3237 855 3290 multum
866 3241 977 3291 sanant.
989 3267 1022 3277 -
1033 3240 1117 3310 Cotys.
1127 3238 1244 3311 Regulus

199 3315 259 3368 Hoc
268 3315 328 3369 loeo
338 3319 484 3390 respexisse
495 3314 600 3370 videtur
610 3330 703 3370 auctor
740 3317 869 3370 Thraciae.

200 3396 335 3448 Lucanum
355 3397 488 3468 principio
506 3393 636 3464 Pharsal,
656 3397 702 3469 qui
776 3395 802 3447 6.
821 3395 968 3468 liepymoit.
985 3393 1054 3448 Male
1069 3395 1191 3450 nonnulli
1205 3415 1243 3450 re·

199 3471 339 3546 plusquam
359 3471 447 3525 civilia
468 3471 536 3526 bella
556 3491 586 3526 ss
605 3491 702 3528 csnere
741 3472 871 3545 migravit.

201 3547 279 3616 dicit,
292 3563 322 3602 ut
330 3553 386 3622 jam
401 3555 559 3607 notavimus.
777 3567 802 3620 7.
818 3551 935 3604 Victoris.
950 3553 1007 3604 Hoc
1019 3565 1074 3618 est,
1085 3554 1201 3608 Cereris.

237 3628 262 3684 ⁵.
285 3629 363 3683 llius.
384 3631 421 3682 Ex
440 3645 516 3702 parte
533 3631 649 3685 Caesaris.
666 3661 702 3675 -·
777 3630 802 3684 8.
819 3630 909 3682 Omma
921 3641 1000 3682 tantu
1011 3631 1176 3686 calamitatis.
1189 3635 1244 3686 Has

200 3707 346 3780 Dejotonss.
367 3707 558 3781 Gallogsacus,
578 3729 627 3783 pro
647 3727 702 3782 quo
742 3727 848 3763 caussas
858 3709 993 3781 eleganter
1002 3713 1074 3763 canit
1085 3713 1207 3764 Lucanus
1220 3715 1243 3777 l,

200 3785 294 3840 classo
310 3789 456 3840 orationem
472 3787 579 3856 babuit,
597 3800 626 3840 ut
642 3807 702 3841 eum
742 3787 792 3859 67:
815 3787 897 3839 «Fert
912 3789 1016 3842 animus
1035 3805 1142 3841 caumas
1161 3801 1245 3842 tanta·

201 3863 274 3938 spnd
285 3865 412 3918 &sarem
426 3877 576 3930 excusaret,
592 3863 665 3937 quod
676 3867 703 3917 in
746 3886 757 3911 s
768 3883 825 3917 rum
839 3883 993 3937 expromere
1007 3883 1107 3932 rerum,
1123 3878 1173 3918 etc.
1183 3889 1196 3914 s
1213 3869 1245 3922 Et

200 3944 320 4015 Pompeii
328 3944 469 3996 amicitiam
478 3943 704 4016 propensiorlue-
743 3941 792 3996 has
815 3943 923 4014 quidem
946 3943 1077 4015 assignat:
1101 3945 1185 3996 latum
1203 3946 1245 4018 ip·

201 4020 705 4093 rit.-Arioiarsaues.liexCappsdo·
744 4039 821 4074 sum:
844 4021 951 4073 nimism
970 4024 1059 4075 Romae
1080 4027 1244 4094 potentiam:
1329 4030 1331 4041 '

202 4102 306 4154 cim-
319 4101 562 4172 Tarclsqods'motus.
576 4100 704 4173 Superio-
744 4097 894 4152 discordem
918 4101 1090 4156 concordiam
1111 4104 1246 4178 Pompeii,

203 4180 238 4232 ris
249 4177 345 4234 cilicia
354 4177 704 4254 Regulusllocinnomine
744 4179 830 4232 Crassi
847 4191 873 4230 et
888 4179 1011 4232 Castris:
1029 4183 1117 4236 Crassi
1131 4197 1157 4235 et
1170 4183 1247 4236 Juliss
1282 4249 1285 4256 Δ
1356 4173 1366 4180 ’
