3156 4950
493 494 639 558 LIBER
661 492 925 559 SECUNDUS.
1175 493 1233 580 175

184 629 230 696 tis
245 646 364 696 errore
380 619 550 718 lapsaret,
562 634 706 716 captum
716 643 790 690 sese
802 619 861 688 vix
873 632 908 687 et
921 640 1029 714 aegre,
1044 630 1236 713 postquam

188 753 412 838 experrectus
426 751 493 826 est,
506 733 642 806 didicit.
703 820 707 824 ⁵

187 993 625 1020 *mmm

673 1189 751 1263 XI.

369 1421 588 1494 BELLUM
609 1415 1064 1492 GALLOGRAECUM*.

241 1624 513 1724 Gallograeciam
531 1650 674 1725 qnoque
692 1626 854 1723 Syriatici
871 1623 956 1698 belli
975 1627 1079 1696 ruina
1099 1618 1243 1693 convol·
1280 1650 1291 1685 ι

191 1747 254 1817 vit.
269 1743 416 1815 Fuerint
430 1746 522 1814 inter
538 1739 667 1814 auxilia
685 1743 778 1840 regis
794 1739 978 1830 Antiochi,
997 1766 1042 1812 an
1057 1738 1164 1811 fuisse
1185 1765 1243 1809 cu·
1279 1773 1293 1807 a

192 1857 299 1957 pidus
312 1855 484 1956 triumphi
499 1854 673 1944 Manlius,
690 1881 732 1926 ac
748 1882 809 1930 eos
821 1860 915 1932 visos
929 1854 1161 1944 simulaverit,
1183 1853 1245 1926 du·

192 1971 294 2045 bium
317 1988 379 2045 est.
400 1974 506 2044 Certe
526 1987 673 2070 negatus
697 1987 749 2042 est
770 1975 901 2045 victori
924 1968 1142 2070 triumphus,
1162 1973 1246 2069 quia

194 2159 233 2194 rs.
247 2141 344 2195 Senem
357 2155 465 2214 apertus
478 2154 505 2193 et
517 2153 589 2194 recta
602 2141 698 2192 oratio.
740 2141 867 2214 triumphi
881 2139 1015 2207 Manlius,
1029 2159 1065 2191 an
1079 2158 1121 2192 eos
1134 2139 1199 2192 visos
1212 2141 1246 2192 si-

193 2221 298 2292 Nempe
306 2220 456 2272 vinolentus
466 2237 606 2289 rax,equ0
617 2221 701 2290 impo—
740 2221 868 2290 mularit,
889 2221 997 2274 dubium
1017 2230 1061 2272 est.
1087 2218 1247 2271 indicativus

196 2299 277 2364 situs,
293 2299 399 2351 infirmo
416 2301 519 2370 capite,
534 2313 560 2350 et
576 2317 649 2350 nunc
666 2295 701 2348 ad
735 2300 859 2373 fluerunt,
871 2302 991 2374 quamvis
1002 2318 1062 2352 eum
1072 2299 1143 2351 MSS.
1156 2317 1248 2350 ornnes

196 2376 333 2444 dextram,
348 2395 421 2430 nnnc
438 2374 474 2430 ad
488 2379 621 2430 sinistram
636 2395 702 2448 prae-
742 2379 902 2446 ostendunt,
919 2377 1028 2432 defendi
1045 2397 1104 2430 mea
1121 2380 1264 2451 opinione(

195 2455 381 2528 ponderante,
401 2455 463 2529 (hic
475 2470 515 2510 est
528 2459 597 2508 euim
611 2457 703 2530 capitis
742 2480 798 2513 non
811 2473 917 2532 potest,
932 2471 1062 2531 sequente
1076 2459 1181 2510 dubium
1195 2468 1249 2520 est,-

196 2536 283 2607 οιτον)
293 2534 405 2590 subinde
418 2537 550 2608 lapsnbat.
744 2539 961 2613 quandoquidem
980 2551 1075 2592 cuncta
1094 2537 1151 2589 hac
1166 2536 1250 2587 verba

232 2617 314 2671 'Cau
324 2619 367 2671 XI.
379 2621 702 2672 BsnuuuGsnnocuecuu.
743 2622 851 2673 unicam
869 2619 1012 2692 periodum
1028 2615 1157 2670 efficiunt.
1177 2617 1212 2667 At
1228 2617 1251 2665 ai

197 2695 299 2746 Eodem
309 2718 379 2750 anuo
389 2701 538 2772 incoeptum
548 2697 623 2772 quod
632 2700 705 2750 AEto·
745 2717 851 2772 separes
858 2699 1066 2770 verba,fuerunt
1075 2698 1143 2748 inter
1150 2692 1252 2746 auxilia

197 2771 288 2825 licum.
301 2775 359 2824 Hoc
370 2787 433 2826 ante
469 2777 569 2830 bellum
579 2777 631 2829 late
641 2780 706 2830 sori·
746 2780 810 2852 repis
818 2779 958 2845 Antiochi,
967 2775 1052 2848 eaque
1062 2787 1165 2846 puncto
1174 2775 1252 2826 maxi·

199 2851 241 2904 bit
249 2853 349 2914 Livius,
359 2796 509 2914 xxxlun
520 2855 707 2905 meminittus-
747 2879 790 2910 mo
800 2858 995 2928 assequentibus
1003 2856 1160 2926 distinguas,
1168 2869 1198 2906 ut
1207 2873 1254 2905 vo-

200 2929 388 2995 sinus,xxl11;
397 2930 521 2984 Aurelius
532 2931 565 2982 de
570 2934 625 2983 Vir.
633 2931 706 2984 illus.
747 2934 796 2987 luit
804 2936 960 3002 Salmasius,
968 2954 1070 3000 vereor,
1081 2953 1115 2986 ne
1124 2952 1180 2984 non
1190 2933 1253 2985 satis

202 3029 263 3082 cap.
275 3009 322 3068 553
334 3009 394 3061 Vel.
405 3011 476 3062 Max.
486 3013 536 3078 vl,
551 3029 573 3075 ι,
587 3029 617 3073 23
629 3013 707 3064 Oros.
748 3013 799 3066 sibi
812 3028 915 3068 constet
925 3014 1038 3081 Florus,
1051 3015 1112 3084 qui,
1125 3011 1198 3084 quod
1213 3013 1254 3063 af-

201 3091 247 3157 lv,
261 3107 304 3141 20.
317 3091 358 3141 De
373 3093 491 3162 origiue,
505 3091 644 3158 moribus,
658 3104 708 3142 ete.
750 3092 900 3146 firmaverat
918 3106 1012 3163 postea
1031 3091 1191 3144 indubium
1211 3109 1255 3142 re-

202 3169 430 3242 Gallograecornsn
453 3169 512 3242 lege
535 3171 644 3244 Dionys.
663 3172 708 3222 Vl.
750 3184 837 3222 vocet.
853 3172 979 3223 Praeterea
995 3169 1139 3223 ostendunt
1154 3183 1180 3222 et
1193 3187 1256 3221 mox

203 3247 316 3302 Caussa.
750 3251 906 3319 sequentia,
921 3261 988 3302 certe
1000 3261 1107 3324 nepotas
1118 3259 1155 3300 est
1166 3249 1256 3301 victori

242 3345 266 3379 2.
277 3329 412 3383 Fuerint...
421 3329 602 3382 interdubium
613 3342 657 3382 est.
670 3332 709 3382 Ita
750 3329 896 3400 triumphus
900 3369 910 3396 ‚
922 3331 985 3404 qnia
996 3349 1112 3382 caussam
1126 3328 1189 3382 belli
1202 3347 1257 3381 nors

206 3404 352 3473 edidimus,
364 3409 579 3482 approbantibus
591 3412 672 3462 Trrzu
684 3422 711 3462 et
750 3410 918 3483 approbavit,
939 3409 1047 3462 Florum
1068 3413 1156 3482 ipsum
1175 3408 1256 3459 dubi-

207 3486 712 3547 Sussonr,exfelicissimncorrectione
750 3485 1256 3554 tasse,aninterauxilindntiochiGal-

207 3564 279 3615 Justi
289 3563 383 3635 lipsii,
394 3583 474 3634 quam
487 3570 614 3621 acutioris
627 3570 711 3621 critici
751 3569 855 3642 lograeci
869 3571 976 3622 fuerint.
990 3571 1079 3621 Trrzts.
1088 3569 1183 3620 -Cui
1196 3568 1256 3639 qui-

210 3663 302 3696 omnes
316 3645 547 3714 'comprobarunt,
569 3651 620 3701 nisi
640 3649 713 3722 quod
752 3649 812 3702 dem
835 3651 944 3702 omnino
967 3649 1128 3701 adsentimus
1149 3647 1183 3700 de
1203 3647 1256 3698 hoc

209 3725 237 3776 in
259 3723 310 3775 fine
333 3725 412 3776 ctiam
429 3729 528 3776 servavi
546 3737 596 3793 est,
616 3747 631 3779 a
647 3730 712 3800 Lip·
752 3729 830 3794 loco,
844 3731 881 3784 sic
896 3729 1073 3799 explicantes:
1089 3727 1204 3778 Dubium
1217 3739 1257 3778 est

211 3806 251 3856 sio
266 3803 409 3873 abjectum.
425 3805 536 3856 Ornavit
550 3819 638 3857 autern
652 3809 714 3878 Lip·
753 3821 842 3860 utrum
863 3807 1021 3877 Gallograeci
1043 3823 1136 3856 revera
1158 3806 1257 3856 fuerint

211 3883 267 3935 sius
278 3901 353 3935 suam
365 3879 507 3934 lectionem
519 3903 715 3956 parva,eaque
755 3889 824 3938 iuter
847 3886 943 3936 auxilia
968 3887 1035 3954 regis
1058 3883 1199 3945 Antiochi3
1223 3903 1256 3936 an

212 3963 405 4034 appositissima
417 3965 716 4032 mutationescripturae‚
756 3965 889 4029 Manlius,
913 3963 1028 4034 cupidus
1052 3963 1196 4034 triumphi,
1224 3963 1258 4016 si-

214 4061 294 4114 quam
307 4040 438 4094 referebat
447 4043 502 4094 MS.
515 4043 676 4094 Nazarianus
689 4043 717 4092 in
757 4042 913 4110 merlaverit,
927 4061 972 4095 eos
989 4043 1025 4096 ibi
1041 4044 1140 4110 fnisse,
1157 4056 1183 4094 et
1199 4061 1215 4094 a
1230 4062 1258 4095 se

213 4115 414 4176 huncmodum:
424 4121 718 4174 Fuerantinterauxilr‘a
758 4123 827 4174 visos
839 4123 867 4171 in
878 4120 995 4174 hostium
1008 4124 1119 4194 agmine.
1128 4151 1161 4160 ·-·
1171 4122 1261 4193 Nepa-

214 4203 279 4274 repis
296 4201 425 4254 Antiochi.
445 4201 488 4254 Aa
504 4200 600 4273 fuisset
613 4199 719 4271 cupidus
760 4211 807 4254 tus.
818 4201 936 4271 Negatus
949 4201 1055 4272 quidem
1067 4202 1133 4268 fuit,
1146 4199 1193 4252 sed
1205 4218 1259 4251 uon
