3142 4938
289 443 353 484 roo
617 419 653 479 L.
678 417 833 480 ANNAEl
856 416 1002 480 FLORl

287 541 398 614 libus:
426 557 543 613 taxata
569 537 745 636 stipendio
769 536 940 609 hiberna:
968 537 1113 610 adactus
1141 539 1241 613 miles
1270 569 1332 615 sua

287 673 413 756 sponte
425 640 680 754 jurejurando,¹
689 685 703 713 «
715 656 780 724 nisi
793 668 897 750 capta
909 650 1015 742 urbe,
1027 678 1101 723 non
1117 674 1301 728 remearet.
1313 691 1327 722 o

254 799 270 849 9
287 770 408 871 Spolia
430 770 476 844 de
496 772 602 842 Larte
618 767 809 840 Tolumnio
831 794 914 866 rege
935 767 981 840 ad
999 771 1196 844 Feretrium
1211 797 1332 871 repor-

286 905 369 960 tata.
385 889 547 985 Denique
555 910 629 957 non
638 880 755 971 scalis,
771 907 837 954 nec
849 886 1061 980 irruptione,
1077 884 1140 956 sed
1150 885 1330 977 cuniculo,

237 1027 269 1062 ¹0
287 1019 322 1076 et
336 1003 573 1076 subterraneis
587 997 677 1072 dolis
690 1012 876 1096 peractum
889 996 987 1070 urbis
1002 999 1189 1073 excidium.
1208 1004 1259 1074 Ea
1273 1001 1331 1075 de-

285 1123 392 1217 nique
403 1121 476 1189 visa
490 1131 542 1188 est
555 1112 684 1213 praedae
701 1110 928 1212 magnitudo,
946 1114 1044 1212 cujus
1063 1112 1210 1188 decimae
1225 1117 1331 1216 Apol·

283 1232 346 1305 lini
359 1232 486 1332 Pythio
501 1236 743 1316 mitterentur;
762 1232 1015 1328 universusque
1033 1229 1187 1329 populus
1203 1236 1330 1306 Roma·

235 1374 263 1409 υ
283 1373 347 1420 nus
371 1347 418 1420 ad
440 1348 677 1443 direptionem
699 1342 796 1416 urbis
818 1359 1016 1416 vocaretur.
1042 1346 1122 1417 Hoc
1145 1362 1229 1418 tunc
1250 1350 1348 1436 Veii,

282 1464 401 1538 fuere:
419 1489 514 1535 nunc
529 1460 634 1534 fuisse
651 1463 728 1560 quis
744 1457 925 1530 meminit?
940 1485 1019 1558 quae
1038 1459 1215 1560 reliquiae?
1231 1462 1330 1561 quod

282 1576 490 1678 vestigium?
511 1576 668 1649 Laborat
693 1572 872 1648 annalium
897 1572 1006 1664 fides,
1032 1592 1072 1647 ut
1094 1579 1201 1648 Veios
1223 1576 1329 1651 fuisse

283 1695 478 1768 credamus.

280 1883 394 1954 pellibus
412 1882 595 1943 habebantur3
617 1881 664 1934 sed
683 1884 711 1932 in
733 1880 783 1932 hue
824 1909 859 1919 -
870 1881 930 1934 Nisi
945 1893 1021 1954 captu
1037 1883 1112 1948 urbe,
1128 1900 1180 1933 non
1195 1896 1325 1935 ren-emt.

280 1961 415 2016 obsidione
433 1961 498 2014 illud
515 1979 613 2012 novum
628 1961 695 2025 fuit,
710 1958 783 2031 quod
823 1962 872 2012 Hic
883 1975 1008 2014 remearet
1017 1960 1170 2014 admisimus
1181 1981 1212 2014 ex
1222 1965 1327 2032 conjec-

281 2061 362 2114 quum
378 2055 441 2094 ante
456 2040 484 2092 id
496 2053 599 2111 tempus
611 2037 698 2090 bieme
713 2057 783 2090 eem-
823 2054 882 2093 tura
895 2041 1031 2106 Salmasii,
1044 2060 1205 2112 quamquem
1218 2041 1269 2114 legi
1281 2061 1326 2114 po·

280 2143 327 2192 per
336 2141 408 2174 erma
417 2116 781 2192 deponi,etmilitesdomum
823 2134 873 2172 test
886 2139 947 2172 eum
960 2122 1079 2193 plurimis
1095 2140 1215 2174 remeare.
1230 2124 1259 2173 ln
1271 2125 1326 2174 Nu-

278 2200 384 2267 reduci,
395 2201 524 2266 solerent,
534 2213 598 2250 tunc
607 2199 722 2270 primum
732 2197 782 2248 ob·
821 2219 871 2252 zer.
890 2215 979 2253 autem
986 2240 995 2266 ,
1012 2221 1066 2254 non
1083 2203 1199 2267 omisso,
1213 2200 1326 2273 legitur:

278 2279 388 2332 sidionis
397 2278 519 2350 urgendae
532 2295 626 2330 caussa
638 2275 687 2328 sub
701 2275 781 2346 pelli-1
823 2281 873 2332 nisi
893 2293 970 2353 capta
995 2281 1059 2332 Urbe
1081 2293 1226 2332 remearet:
1248 2299 1328 2352 quem

276 2355 781 2428 bushiemeruut.—Toxotastipendio
823 2357 931 2429 quidem
958 2358 1100 2410 lectionem
1129 2360 1197 2410 tueri
1224 2356 1328 2410 ridetur

278 2439 393 2490 hiberna.
416 2439 443 2491 Si
462 2439 565 2490 Livium
584 2438 718 2508 sequimur
736 2435 781 2502 IV,
821 2437 1014 2489 Freinshemius
1026 2436 1117 2488 dicens
1133 2438 1183 2489 nisi
1196 2455 1244 2507 pro
1260 2455 1327 2489 non·

279 2518 328 2587 59,
352 2515 515 2590 stipendium
537 2515 570 2567 de
591 2514 699 2587 publico
723 2511 782 2566 dari
822 2519 890 2583 nisi,
915 2518 943 2567 in
966 2515 1043 2567 bonis
1069 2515 1225 2568 auctoribus
1250 2533 1327 2568 usur·

279 2599 359 2668 eoepit
369 2615 458 2661 anno,
470 2608 612 2666 antequam
624 2591 781 2645 obsideren-
820 2597 887 2671 pari.

277 2689 322 2727 rur
338 2678 412 2727 Veii:
432 2675 543 2726 hiberna
560 2688 648 2726 autem
664 2687 694 2724 ut
709 2672 779 2724 idem
856 2693 880 2746 9.
898 2675 1019 2746 Spolia...
1037 2671 1174 2746 reportata.
1192 2673 1297 2726 Scilicet
1312 2693 1326 2726 a

278 2753 365 2806 scribit
373 2758 404 2820 V,
416 2770 424 2803 1
436 2767 462 2805 et
471 2772 484 2805 2
492 2792 500 2820 ‚
508 2751 614 2804 demum
622 2754 699 2803 lertio
708 2769 779 2802 ³⁰⁰0
820 2755 944 2810 Cornelio
961 2755 1053 2808 Cosso.
1073 2755 1224 2808 Perizonius
1238 2769 1327 2808 autem

277 2833 423 2886 obsidionis
441 2834 509 2884 fucta
527 2847 596 2885 sunt.
613 2834 653 2884 De.
666 2831 717 2882 hae
733 2849 780 2882 au·
820 2835 848 2886 in
864 2832 1003 2886 Animadv.
1023 2835 1091 2886 llist.
1111 2852 1171 2906 cup.
1192 2855 1217 2901 7,
1236 2833 1326 2886 multis

277 2927 332 2966 tetn
345 2915 495 2966 Veientium
510 2912 648 2965 obsidione
662 2914 780 2963 Monens·
821 2913 955 2986 disputat,
972 2913 1084 2966 Cossum
1104 2914 1224 2967 retulisse
1241 2913 1327 2984 spolia

277 3012 373 3062 quino,
388 2996 524 3048 Grandenr
534 3006 560 3046 et
570 2994 666 3045 Ddcud
679 2991 781 3044 deslto·
822 2993 927 3063 opima,
943 3010 1025 3063 quum
1039 2987 1161 3044 tribunus
1174 2993 1286 3045 militum
1301 2995 1327 3044 in

278 3075 375 3128 vnaius:
389 3072 780 3145 ulaesduutuyanteulemoyen
822 3071 926 3142 legione
945 3084 1029 3131 essen
1050 3069 1097 3122 sed
1114 3074 1167 3124 sire
1184 3086 1256 3136 tum,
1273 3072 1327 3122 sive

278 3151 309 3202 de
320 3152 421 3205 donner
433 3170 484 3203 une
495 3152 557 3223 pule
569 3171 621 3203 αιικ
631 3149 725 3203 soldots
733 3188 742 3214 ,
757 3147 781 3199 le
822 3151 947 3220 magister
964 3151 1099 3220 equitum,
1117 3152 1170 3202 sive
1186 3148 1279 3201 consul
1295 3167 1325 3202 ea

277 3228 384 3299 sieyede
394 3227 520 3298 Veiesfut
531 3229 671 3300 entrepris;
684 3225 706 3278 it
717 3228 782 3278 dura
822 3230 912 3282 retulit
931 3233 1044 3295 Cossus,
1064 3227 1157 3280 Florus
1179 3247 1233 3281 non
1254 3243 1326 3280 caret

279 3305 324 3355 alix
336 3324 391 3356 oris.
406 3307 447 3356 On
459 3305 543 3356 vitun
557 3306 653 3358 nouvel
666 3317 708 3357 art
720 3305 781 3356 chez
821 3309 1044 3380 reprehensione,
1058 3311 1117 3380 qui,
1128 3309 1235 3361 turbata
1247 3310 1326 3360 ratio·

280 3382 315 3436 les
327 3385 464 3448 Romaim,
477 3395 503 3435 et
514 3403 565 3436 une
578 3394 652 3436 outre
666 3383 782 3436 muniere
822 3405 856 3436 ne
866 3388 1007 3457 pemporiu,
1017 3387 1162 3438 narrationi
1174 3389 1327 3458 interponat

200 3461 201 3464 ’
279 3461 311 3513 ‹le
317 3461 390 3532 faire
402 3461 429 3512 la
438 3479 546 3536 guerre:
564 3460 630 3514 leurs
641 3465 723 3513 succes
731 3461 782 3533 fu·
823 3465 856 3516 de
873 3465 1013 3518 obsidione
1025 3466 1167 3532 Veiorum,
1182 3466 1255 3538 quod
1271 3468 1326 3518 iere

280 3551 337 3594 rent
351 3539 413 3611 plns
430 3539 570 3604 delatam,-
587 3541 618 3593 ils
631 3539 783 3615 profiteretur
823 3545 899 3596 annis
911 3546 1017 3616 triginta
1030 3556 1091 3595 ante
1101 3563 1159 3596 eam
1169 3544 1327 3598 inchoatum

233 3653 239 3658 -
278 3621 366 3688 attens
381 3621 413 3672 de
429 3619 495 3672 leurs
510 3621 640 3683 victoires3
658 3621 690 3673 its
700 3619 783 3690 firent
823 3623 917 3674 fuerat.

279 3702 310 3752 de
322 3701 385 3772 plus
397 3702 507 3774 prandes
523 3701 674 3774 conquam
688 3699 720 3752 ils
736 3719 782 3752 en·
862 3717 903 3752 ιι.
923 3702 1036 3754 Laborat
1050 3701 1189 3754 annalium
1201 3701 1276 3775 fides.
1296 3700 1326 3754 ld

279 3785 401 3851 noyerent
411 3781 474 3854 plus
484 3783 515 3833 de
526 3781 654 3835 colonien:
669 3778 740 3853 enfin
754 3779 781 3831 Ia
823 3780 1062 3852 est,periolitatur;
1072 3799 1165 3852 perum
1175 3781 1250 3832 abest
1259 3781 1323 3852 quin

276 3861 344 3934 prise
355 3864 386 3914 de
400 3861 427 3917 V
424 3863 473 3914 eies
480 3860 527 3934 fut
539 3881 590 3912 urie
601 3859 754 3914 revolution.
765 3883 776 3904 ι
823 3856 902 3911 lidum
914 3860 1029 3932 perdant
1041 3861 1157 3914 annales.

731 4143 872 4160 ἡ
