3142 4938
269 489 327 554 152
396 515 402 520 ·
466 527 471 538 ι
590 488 982 553 L.AuuAE1FLOn1

215 649 246 682 ιο
265 611 351 684 caelo
361 615 484 700 missa,
497 609 689 684 descendit.
700 613 751 682 Ac
761 615 869 709 primi
878 610 1024 711 quidem
1036 615 1188 710 impetus
1199 611 1308 686 turbo

265 732 356 800 inter
380 727 517 799 Padum
541 743 577 800 et
595 728 761 799 Ticinum
777 725 896 800 valido
917 731 1036 799 statim
1053 726 1195 827 fragore
1211 728 1309 802 deto-

265 845 352 914 nuit.
375 844 476 915 Tnnc
504 843 669 941 Scipione
695 841 808 932 duce,
832 840 928 914 fusus
956 847 1139 915 exercitus.
1165 844 1309 916 Saucius

266 963 373 1031 etiam
384 963 460 1058 ipse
474 963 624 1032 venisset
640 963 676 1030 in
690 980 815 1030 manus
833 957 989 1032 hostium
1010 963 1224 1058 imperator,
1245 963 1311 1032 nisi

265 1089 467 1173 protectum
477 1091 618 1174 patrem
629 1090 855 1173 praetextatus
868 1073 1066 1148 admodum
1073 1075 1165 1148 filius
1177 1075 1223 1148 ab
1236 1080 1312 1176 ipsa

218 1221 245 1256 ιι
267 1206 382 1262 morte
394 1195 576 1289 rapuisset.
587 1191 656 1262 Hic
666 1205 743 1263 erat
756 1191 966 1290 Scipio,qui
979 1196 1016 1263 in
1028 1194 1174 1264 exitium
1184 1189 1311 1263 Africae

219 1338 248 1375 υ
268 1310 404 1397 crescit,
419 1332 551 1379 nomen
565 1332 607 1378 ex
624 1303 724 1378 malis
738 1305 811 1404 ejus
828 1304 1022 1379 habiturus.
1043 1308 1169 1378 Ticino
1180 1303 1312 1377 Trebia

267 1421 434 1495 succedit.
458 1424 527 1494 Hic
547 1422 701 1495 secunda
723 1421 808 1494 belli
828 1426 951 1495 Punici
974 1421 1133 1522 procella
1156 1423 1311 1512 desaevit,

268 1539 482 1635 Sempronio
508 1537 661 1610 consule.
684 1540 785 1610 Tunc
812 1537 1029 1613 callidissimi
1050 1539 1187 1629 hostes,
1212 1539 1313 1638 frigi-

269 1655 357 1727 dum
384 1670 420 1726 et
442 1653 595 1727 nivalem
617 1659 712 1727 nacti
733 1654 846 1748 diem,
871 1682 982 1756 quum
1003 1687 1040 1732 se
1056 1657 1195 1758 ignibus
1217 1660 1314 1755 prius

270 1768 421 1868 oleoque
437 1767 623 1857 fovissent,
641 1767 834 1864 (horribile
854 1768 972 1868 dicu)
989 1772 1152 1846 homines
1169 1796 1190 1842 a
1211 1773 1315 1842 meri·

271 1884 329 1957 die
342 1881 459 1956 etsole
473 1889 651 1956 venientes
667 1901 788 1958 nostra
800 1912 865 1958 nos
881 1885 999 1962 bieme
1015 1893 1186 1960 vicerunt.

223 2028 253 2080 13
320 2002 545 2074 Trasimenus
557 1998 655 2073 lacus
670 2006 816 2074 tertium
827 2001 963 2077 fulmen
979 1999 1179 2091 Annibalis,
1198 2004 1315 2096 impe-

268 2132 391 2190 ratore
419 2113 602 2188 Flaminio.
627 2115 681 2188 lbi
704 2143 847 2216 quoque
874 2145 930 2191 ars
950 2145 1044 2193 nova
1061 2119 1200 2190 Punicae
1222 2105 1316 2185 frau·
1351 2173 1352 2178 ,

274 2233 354 2305 dis:
384 2237 517 2332 qnippe
546 2231 677 2305 nebula
704 2230 819 2322 lacus,
850 2233 1135 2335 palustribusque
1160 2230 1317 2332 virgultis

314 2401 353 2436 to.
364 2385 534 2438 Praetextatus
543 2387 684 2438 admodum
690 2385 775 2459 filias.
818 2399 862 2434 mo
878 2381 1057 2453 prospiciens,
1072 2377 1213 2432 exclamat:
1227 2373 1318 2424 alais-

276 2465 445 2514 Praeteatatus
461 2481 559 2516 nomen
577 2465 608 2518 fit·
625 2467 724 2530 artatis,
741 2469 778 2518 ita
817 2458 892 2512 sea-le
910 2457 1001 2512 croitra
1016 2477 1045 2512 ce
1061 2458 1100 2512 roi
1118 2455 1188 2508 aladri
1203 2452 1239 2506 du
1256 2448 1318 2503 ciel!

276 2540 340 2594 dicit
351 2539 491 2592 admodum
503 2553 698 2612 praetextatum,
710 2546 779 2596 siout
820 2551 874 2591 toas
887 2540 975 2592 oddara
989 2541 1004 2590 cl
1016 2557 1053 2591 aas
1066 2534 1190 2608 csplor'ts,
1203 2545 1275 2583 etc.»

278 2621 616 2694 eliqnisdicituradmodum
624 2623 778 2680 adolescens.
859 2635 898 2670 η.
911 2619 1011 2672 Trebia.
1021 2616 1110 2670 Gallias
1122 2611 1259 2682 Cisalpinae
1270 2607 1318 2660 flu·

278 2703 326 2752 llic
345 2715 431 2754 autem
451 2702 611 2772 admodum,
634 2706 708 2770 fare,
724 2723 780 2758 non
820 2700 884 2750 vina.
902 2727 935 2736 —
951 2694 1082 2751 Homilils
1100 2695 1185 2747 dicta.l
1199 2693 1259 2743 Hac
1275 2707 1319 2740 cx·

279 2778 405 2852 amplius,
418 2781 561 2852 significat:
573 2796 602 2833 ut
616 2784 686 2855 apud
697 2785 781 2838 luati-
821 2777 943 2830 clamatio
957 2777 1089 2830 immerito
1102 2770 1258 2846 quibusdam
1274 2769 1321 2819 fri·

279 2859 418 2925 ¹¹¹¹¹¹²3X12
430 2861 476 2926 ld,
490 2877 516 2929 ¹!
529 2884 535 2912 ε
547 2885 558 2909 ι
568 2863 718 2935 Octingensi
730 2862 779 2918 ad.
819 2854 880 2926 gida
895 2855 1009 2908 videtur.
1025 2856 1094 2906 Nam
1109 2864 1180 2906 certe
1195 2843 1322 2900 horribile

281 2961 293 2984 a
304 2937 411 2991 madum
423 2939 506 2992 Graeci
519 2938 669 2994 Alexandro
685 2959 781 2994 occur·
821 2949 860 2988 eat
872 2947 899 2987 et
911 2937 1021 3002 mirum,
1031 2937 1054 2986 ai
1065 2933 1123 3006 qais
1135 2927 1253 3004 populns
1264 2945 1323 2999 pro·

282 3029 377 3081 aranu
389 3042 399 3066 a
415 3019 486 3092 apud
498 3019 632 3086 eumdem,
643 3021 741 3087 xvffl,
751 3038 780 3078 a,
821 3017 885 3088 priis
896 3019 972 3088 quasi
984 3017 1062 3070 armis
1075 3011 1230 3076 debelletur,
1243 3023 1268 3061 et
1282 3011 1323 3060 in·

281 3100 312 3166 42
333 3101 415 3150 -roa
434 3117 536 3152 menses
556 3098 700 3154 admodum
720 3119 781 3171 sap·
822 3094 885 3149 eolre
903 3098 1039 3168 regionum
1058 3093 1224 3164 frigidiorum
1240 3089 1273 3141 ab
1291 3089 1322 3138 iis

283 3205 294 3227 α
305 3194 356 3232 tem
365 3202 372 3244 ;
382 3203 394 3226 ι
409 3193 436 3231 et
449 3179 512 3232 alibi
523 3184 629 3251 passim.
823 3177 868 3248 qui
879 3195 893 3227 a
906 3175 1015 3228 meridie
1026 3176 1149 3237 veniunt,
1160 3171 1305 3220 vincantur.

320 3275 359 3310 11.
374 3259 426 3310 Hic
439 3269 495 3310 erat
505 3259 611 3330 Scipio,
625 3261 670 3332 qai
685 3261 711 3310 in
725 3259 782 3311 exi·
862 3251 902 3305 13.
913 3253 1195 3306 Trasimmras.Veteres
1205 3244 1322 3298 scribunt

282 3339 347 3390 tiam
363 3335 462 3405 Africae
475 3338 568 3388 crescit.
584 3339 633 3389 Pro
647 3337 698 3388 Hic
711 3348 781 3402 erat,
825 3334 1066 3400 mammaeam
1077 3325 1323 3398 Tmymeniasnuc

282 3405 422 3466 Salmasius
437 3412 543 3465 volebat
559 3413 637 3466 scribi
650 3413 704 3466 flu
718 3415 781 3478 an't,
824 3429 911 3468 autem
926 3413 1000 3466 locus
1013 3424 1052 3464 est
1065 3413 1092 3462 in
1104 3408 1206 3459 Tuscia.
1221 3435 1257 3446 -
1269 3404 1323 3455 Pa-

283 3513 314 3549 ex
326 3496 483 3547 anctoritate
493 3496 661 3546 vetustissimi
672 3493 781 3547 codicis.
824 3493 993 3564 lintribusque
1010 3485 1128 3560 oiryulta's
1143 3494 1224 3536 tectus
1239 3499 1321 3555 eques.

282 3577 322 3628 De
333 3594 361 3627 re
374 3585 477 3639 autem,
492 3571 583 3624 similis
596 3573 652 3625 fere
665 3572 727 3624 hnic
741 3573 783 3625 lo-
824 3573 885 3623 Haec
897 3588 938 3622 ars
950 3567 1052 3620 runica
1064 3561 1180 3626 fraudis,
1196 3579 1263 3631 qna,
1277 3575 1324 3629 pn·

282 3673 329 3707 cns
344 3651 467 3705 laudatur
480 3651 552 3724 apud
566 3653 690 3715 nassum,
707 3651 785 3704 Oml·
825 3647 950 3702 lustribua
957 3643 1076 3716 virgultis
1083 3655 1168 3696 tactus
1176 3651 1324 3710 eques,tet-

282 3751 328 3786 saa
342 3732 455 3805 funebre
473 3732 507 3784 clu
524 3729 615 3803 prinae
632 3730 664 3780 da
684 3731 782 3795 Coadl,
825 3745 858 3797 ga
871 3725 959 3778 sabito
970 3719 1324 3808 pugnanduminvasit,non

284 3814 329 3883 qui
337 3826 479 3885 postquam
487 3808 721 3881 descripsithllita
729 3823 784 3861 tur-
826 3819 865 3858 eat
885 3805 1003 3858 adhibita
1024 3801 1058 3854 ab
1077 3798 1252 3852 Annibalem
1273 3792 1324 3843 boc
1358 3810 1361 3818 ’

283 3891 331 3944 bas
350 3905 375 3944 et
391 3889 532 3963 pericula(
543 3911 592 3963 par
608 3889 716 3942 tutelam
732 3889 785 3940 Lu·
825 3885 913 3957 praelio
933 3884 1005 3957 apud
1023 3883 1204 3934 Trasimenum
1222 3876 1324 3934 lacum,

283 3969 369 4021 dorici
387 3972 472 4043 quarti
487 3970 600 4035 decimi,
614 3970 655 4022 vix
671 3981 785 4039 quatuor
826 3964 872 4015 sed
888 3966 914 4014 in
931 3961 1015 4014 altero
1032 3959 1066 4012 ad
1078 3957 1201 4010 Trebiam
1218 3954 1323 4043 flumen.
1340 4027 1342 4030 Ι

284 4065 368 4100 annos
384 4051 455 4112 nati,
474 4047 580 4113 subito,
597 4048 674 4118 quasi
691 4045 784 4097 oculos
825 4045 855 4096 ln
865 4063 896 4096 aa
909 4046 1008 4115 qnippe
1019 4059 1111 4114 pugna
1123 4057 1181 4109 qnae
1195 4034 1229 4088 ad
1240 4035 1326 4086 Tmar-

283 4128 310 4179 in
329 4126 436 4178 infantia
454 4127 521 4194 regia
540 4122 700 4178 incunabula
718 4124 783 4176 deli·
826 4139 931 4174 menum
952 4132 1070 4192 pugnata
1091 4130 1146 4182 eat,
1168 4113 1232 4168 nihil
1255 4107 1326 4164 aliud

282 4225 361 4276 flens,
371 4218 397 4256 et
407 4203 486 4272 hujus
496 4203 582 4256 saeculi
592 4203 718 4256 miracula
730 4205 784 4255 ani·
825 4199 925 4252 fraudis
935 4209 1101 4250 commentus
1111 4207 1150 4246 est
1160 4195 1267 4252 Poenns,
1279 4205 1326 4238 nec
