3102 4942
176 557 1219 594 ΜΜΜΜΜΜΜΜΜΜΜ

199 795 379 910 NOVI
409 788 752 905 EDITORIS
781 788 1196 902 PRAEFATIO.

556 1082 847 1114 maen—-

179 1269 257 1380 DE
273 1295 378 1376 Flori
393 1315 509 1376 aetate
526 1314 566 1372 et
581 1294 728 1400 patria,
744 1290 835 1395 quis
854 1289 937 1394 ipse
953 1287 1076 1366 fuerit
1091 1289 1227 1398 Epito-

181 1449 263 1500 mes
273 1443 424 1520 auctor,
440 1449 524 1528 quo
534 1420 696 1506 nomine
706 1413 1023 1520 nuncupandus,
1035 1415 1230 1520 Disquisi·

180 1549 332 1625 tionem
347 1547 414 1624 hie
426 1545 615 1622 inchoare
625 1565 916 1647 supervacuum
932 1542 1087 1636 censui,
1099 1567 1228 1646 quum
1292 1547 1298 1566 “

178 1667 301 1776 plena
324 1687 365 1746 et
381 1665 556 1776 locuples
575 1665 625 1744 de
643 1666 705 1742 his
726 1661 915 1745 omnibus
937 1665 1097 1760 notitia,
1122 1663 1229 1740 infra

181 1794 225 1868 in
255 1795 493 1871 Testimoniis
521 1809 561 1868 et
586 1789 765 1884 Iudiciis,
795 1807 1000 1866 occurrat:
1031 1787 1091 1866 ibi
1120 1791 1228 1866 enim

180 1914 293 1996 velut
314 1919 358 1994 in
379 1915 616 2004 fasciculum
638 1913 821 1996 collectas
839 1931 880 1994 et
898 1913 1041 1993 ordine
1061 1915 1231 2020 digestas

179 2041 499 2134 ¹doctissimorum
509 2033 689 2121 virorum
699 2043 926 2148 opiniones,
939 2041 1084 2117 Lector
1093 2040 1232 2117 erudi-

182 2169 348 2265 tissime,
358 2189 502 2275 praesto
511 2167 691 2246 habebis.
707 2168 800 2244 Non
808 2164 930 2270 longo
940 2167 1063 2270 igitur
1070 2165 1232 2242 exordio

183 2308 224 2368 te
243 2291 441 2390 morabor,
458 2291 587 2370 donee
600 2293 827 2368 institutam
844 2293 887 2366 in
902 2289 979 2367 hoe
1000 2293 1121 2396 op'ere
1137 2291 1232 2368 eou-

184 2399 560 2494 finiendorationem
569 2435 608 2494 et
616 2417 814 2521 viaequasi
824 2413 1028 2520 quoddam
1037 2414 1233 2495 indicium

184 2541 474 2643 proposuerim.
1093 2643 1095 2646 ¹
1185 2543 1189 2550 “

238 2663 297 2738 Ex
314 2663 503 2742 omnibus
522 2665 674 2740 Latinis
696 2663 974 2769 scriptoribus,
998 2660 1135 2741 nullus
1151 2663 1236 2740 fere

185 2787 560 2892 graviorem,quam
573 2789 728 2884 Noster,
736 2787 935 2893 jacturam
945 2815 1154 2895 perpessus
1165 2807 1236 2883 est,

185 2933 257 2984 seu
275 2927 502 3015 temporum
517 2912 685 3016 injuria,
707 2937 777 2988 seu
796 2913 996 3015 imperitia
1010 2913 1239 2988 oscitantia·

187 3055 270 3133 que
294 3028 572 3128 librariorum,
590 3037 678 3111 'sive
702 3037 798 3135 quia
817 3036 921 3137 ipse,
945 3033 1130 3110 nonnihil
1153 3063 1239 3111 am-

187 3147 393 3259 pullorum
418 3150 628 3257 aliquoties
651 3171 836 3250 sectatus,
862 3181 998 3232 ansam
1021 3157 1240 3263 praebuerit

189 3271 349 3354 facilem
374 3269 675 3354 lascivientibus
697 3275 1029 3385 interpolatorum
1054 3283 1237 3387 ingeniis.

190 3399 331 3506 ltaque
351 3429 479 3507 quum
501 3403 676 3508 primum
695 3401 747 3480 ad
763 3431 855 3482 eum
876 3433 917 3482 se
936 3410 1133 3486 convertit
1149 3437 1241 3486 eru·

191 3522 367 3604 ditorum
382 3556 495 3624 cura,
511 3529 739 3606 innumerae
749 3531 880 3606 statim
898 3529 1142 3609 obstiterunt
1154 3533 1241 3610 dif-

192 3644 406 3746 ficultates,
431 3678 514 3728 non
537 3652 623 3728 sine
641 3649 778 3730 multis
798 3651 1012 3732 sudoribus
1031 3673 1072 3732 et
1091 3676 1244 3733 eontu-

194 3773 297 3847 maci
325 3769 530 3877 diligentia
554 3771 838 3881 explanandae:
867 3777 1017 3882 quippe
1045 3776 1241 3854 medelam

196 3914 430 4000 praesentem
449 3925 587 3976 omnes
605 3903 736 3977 statim
754 3919 885 4006 partes
901 3900 1180 4005 reposcebant,
1203 3920 1244 3978 et

198 4035 324 4095 textus
340 4022 679 4128 corruptissimus,
697 4020 908 4128 alienaque
925 4049 1027 4130 saepe
1044 4021 1242 4154 adultepa·

199 4159 262 4220 tus
279 4173 418 4243 manu,
436 4165 476 4224 et
490 4147 793 4256 chronologicus
809 4147 908 4230 ordo
923 4177 1044 4255 quem
1061 4154 1246 4230 inverte-
