3142 4958
555 537 698 602 arnus
720 539 959 621 QUARTUS.
1218 545 1279 608 sas

232 661 414 761 Usipetes:
427 659 510 733 inde
524 658 744 733 Tenctheros
756 666 993 760 percucurrit,
1007 677 1043 734 et
1054 665 1186 737 Cattos.
1199 668 1281 738 Jaur
1333 687 1335 690 ·

231 780 569 850 Marcomannorum
592 775 712 876 spoliis
734 780 907 878 insignem
930 778 1124 879 quemdam
1145 780 1281 856 editum

230 890 408 966 tumulum
421 897 458 966 iu
470 897 596 994 tropaei
609 892 935 967 modum-excoluit.
951 893 1039 967 lnde
1050 893 1280 971 validissimas
1300 917 1332 984 24

230 1012 408 1100 nationes,
424 1008 641 1100 Cheruscos,
659 1011 879 1110 suevosque,
896 1027 932 1086 et
948 1011 1168 1105 Sicambros,
1183 1019 1281 1113 pari-

230 1141 286 1198 ter
301 1149 482 1224 aggressus
501 1140 570 1197 est:
587 1129 664 1226 qui,
681 1129 806 1225 viginti
823 1125 1089 1201 centurionibus
1106 1131 1281 1202 increma-

230 1243 289 1331 tis,
301 1239 371 1314 hoc
381 1240 1172 1334 velutsaerameutosiunserautbellum,adeo
1183 1261 1281 1318 certa

230 1359 387 1428 victoriae
401 1381 479 1456 spe,
494 1371 533 1428 ut
546 1354 706 1455 praedam
719 1361 757 1429 in
771 1372 991 1430 antecessum
1005 1361 1172 1457 pactione
1190 1357 1281 1430 divi-

230 1477 347 1544 serint.
364 1470 536 1546 Cherusci
552 1497 677 1573 equos,
694 1474 799 1546 Suevi
813 1499 941 1546 aurum
958 1483 994 1547 et
1010 1490 1211 1574 argentum,
1227 1476 1281 1550 Si·
1298 1463 1331 1544 as

231 1588 367 1662 cambri
380 1593 539 1689 captivos
555 1585 751 1688 elegerant;
768 1590 832 1662 sed
848 1594 970 1662 omnia
983 1605 1197 1662 retrorsum:
1210 1594 1280 1662 vic·

229 1719 288 1776 tor
311 1729 466 1804 namque
486 1705 621 1776 Drusus
642 1729 769 1803 equos,
792 1730 943 1802 pecora,
966 1719 1112 1804 torques
1131 1727 1279 1793 eorum,

229 1821 395 1920 ipsosque
410 1817 535 1918 praeda
548 1817 684 1909 divisit,
702 1834 739 1892 et
754 1817 926 1892 vendidit.
941 1821 1116 1892 Praeterea
1132 1822 1170 1892 in
1188 1833 1280 1891 tute·
1298 1841 1332 1893 ao
1411 1821 1414 1828 ’

227 1932 301 2016 lam
323 1939 590 2034 provinciarum
614 1933 781 2033 praesidia
807 1949 913 2035 atque
939 1935 1116 2011 custodias
1145 1933 1279 2035 ubique

229 2048 419 2151 disposuit,
437 2079 504 2152 per
521 2053 662 2127 Mosam
679 2049 831 2144 ilumen,
845 2079 913 2152 per
926 2051 1062 2142 Albim,
1081 2078 1148 2150 per
1159 2055 1279 2124 Visur-

227 2171 311 2267 gim.
326 2169 419 2246 Nam
432 2193 499 2267 per
511 2167 627 2242 Rheni
642 2168 790 2268 quidem
803 2172 920 2267 ripam
934 2169 1190 2267 quinquaginta
1206 2191 1278 2239 am·

228 2281 322 2381 plius
338 2281 479 2356 castella
495 2281 633 2358 direxit.
646 2286 809 2358 Bonnam
823 2299 859 2358 et
877 2286 1062 2358 Gesoniom
1076 2309 1171 2370 cum,
1187 2305 1279 2380 pou·

226 2395 321 2470 tibus
344 2397 483 2496 junxit,
511 2397 751 2501 classibusque
783 2399 948 2474 firmavit.
982 2401 1138 2472 Invisum
1170 2413 1330 2498 atque„

183 2549 186 2554 ·
226 2517 444 2587 inaccessum
459 2513 548 2588 inid
562 2532 703 2615 tempus
717 2517 940 2616 Hercynium
952 2513 1081 2588 saltum
1093 2513 1275 2614 patefecit.

225 2631 277 2702 Ea
291 2627 445 2732 denique
458 2635 495 2705 in
509 2633 704 2706 Germania
714 2657 785 2731 pax
799 2647 891 2722 erat,
904 2647 948 2709 ut,
959 2633 1085 2705 mutati
1097 2627 1277 2718 homines,

226 2745 295 2822 alia
305 2761 416 2840 terra,
435 2745 561 2821 oaelum
574 2752 690 2847 ipsum
701 2754 821 2822 mitius
836 2747 1050 2848 molliusque
1062 2744 1166 2820 solito
1180 2743 1277 2820 vide·

225 2879 334 2935 retur.
351 2866 514 2966 Denique
531 2892 605 2938 non
623 2893 690 2966 per
707 2861 965 2955 adulationem,
985 2862 1048 2936 sed
1063 2889 1106 2935 ex
1124 2865 1277 2954 meritis,
1295 2878 1331 2930 ae

226 2974 397 3050 defrmcto
414 2977 465 3048 ibi
485 2977 676 3050 fortissimo
689 2979 835 3078 juvene,
856 2981 940 3077 ipsi,
963 2976 1064 3078 quod
1080 3001 1277 3075 numquam

225 3088 325 3181 alias,
341 3107 480 3164 senatus
489 3087 696 3190 'cognomen
709 3119 751 3167 ex
768 3096 954 3192 provincia
969 3090 1084 3194 dedit.⁸

261 3315 556 3382 ad.1ncrernatr's.Viris
566 3317 732 3374 scilicetere-
770 3337 830 3373 cam
851 3317 1055 3373 Chersonesum.
1077 3345 1113 3358 -
1135 3316 1274 3392 Vuuryirn.

225 3395 310 3446 netis.
320 3395 360 3449 lta
370 3394 404 3448 de
413 3395 508 3450 iisdem
518 3397 642 3468 gentibus
652 3400 729 3451 Tucia
769 3399 915 3453 Germania
924 3397 1032 3452 iluna-
1042 3397 1088 3470 qni
1098 3398 1126 3450 in
1137 3397 1276 3452 Oceeam

225 3486 284 3540 urs,
296 3475 321 3540 l,
337 3475 386 3544 61,
404 3477 436 3529 6:
457 3479 556 3531 nLucis
570 3481 729 3553 propinquis
770 3496 853 3550 squas
873 3476 980 3532 evolvit.
995 3505 1031 3534 z·-
1047 3475 1186 3530 Gesoniam
1203 3495 1274 3530 cum.

228 3551 439 3623 ebarbmarae,
448 3555 521 3630 apud
531 3576 596 3629 quae
607 3558 728 3613 tribunos
768 3561 800 3614 ln
811 3576 908 3633 magna
917 3558 1045 3612 librorum
1055 3571 1082 3612 et
1090 3557 1231 3612 bominum
1241 3559 1276 3612 de

227 3652 281 3688 nac
296 3634 442 3706 primorum
456 3637 579 3690 ordinum
594 3642 732 3694 centurio·
769 3637 893 3692 hocloco
904 3638 1275 3714 pugns,tutissimumrieum

227 3731 298 3767 enee
310 3728 496 3772 mactaverant.
508 3741 519 3766 ι
768 3720 821 3772 fuit
832 3719 977 3775 rescribere
987 3715 1062 3790 quod
1071 3715 1195 3788 pluribus
1202 3714 1275 3770 MSS.

263 3793 305 3848 25.
322 3793 424 3848 Prode.
434 3797 608 3851 discutimus
624 3799 732 3853 Graio
768 3797 897 3852 firmetur.
910 3799 968 3850 Hoc
979 3814 1078 3848 nomen
1088 3793 1189 3848 indicet
1198 3795 1277 3866 oppi-

225 3869 350 3945 aliieque,
374 3892 425 3945 pro
446 3875 535 3947 pineda
555 3874 727 3930 suadentibus
768 3878 832 3931 dum
845 3878 880 3932 ad
894 3877 1016 3930 Rhenum
1028 3879 1108 3929 situm
1118 3877 1189 3929 sicut
1202 3876 1276 3930 Bon-

223 3950 352 4022 proedam.
768 3953 1277 4027 nam.ConjiciebstCluveriusMapun·

262 4029 426 4084 aemesam.
436 4033 612 4088 MoeeGallire
619 4033 728 4107 Belgicae
770 4035 866 4088 siacum
877 4033 957 4086 hodie
974 4036 1118 4106 Mqrencer
1131 4049 1181 4088 nee
1195 4024 1275 4088 males

226 4107 335 4178 denne,
350 4111 396 4183 qui
409 4129 459 4184 per
467 4111 582 4166 mediam
595 4115 729 4168 Batonem
806 4113 848 4166 ad.
864 4110 995 4181 Defuncto
1006 4111 1151 4185 fortissimo
1159 4109 1272 4186 juveni,

226 4189 255 4243 iu
265 4210 336 4249 mm
349 4193 468 4247 incurrit.
481 4223 517 4236 -
528 4193 626 4248 Albim.
641 4199 671 4250 lu
683 4215 731 4250 ex-
769 4195 832 4267 ipsi,
846 4205 896 4247 etc.
909 4193 985 4248 Erret
996 4196 1042 4268 qni
1050 4193 1124 4248 hune
1135 4193 1223 4248 locum
1235 4195 1275 4244 ri·

213 4279 311 4324 scema
327 4271 483 4339 Germania,
496 4273 552 4326 iere
568 4272 604 4329 ed
616 4275 729 4328 Cimbri·
768 4277 868 4330 tiosurn
880 4288 968 4348 putet,
982 4275 1028 4330 nbi
1041 4274 1185 4330 ablativum
1199 4273 1276 4330 abeo·
