3108 4956
510 615 654 679 msua
676 611 914 697 cusanus.
1171 614 1235 702 293
1258 613 1262 618 ’

192 745 351 839 quamvis
370 743 495 840 exigua
512 766 619 812 manu
638 743 787 838 ingentis
807 741 977 810 exercitus
995 736 1128 810 molem
1145 741 1237 809 mira

190 860 324 944 virtute,
344 861 515 928 sustinuit.
542 861 595 928 Ac
620 860 774 954 primum
796 853 1028 928 aedificiorum
1055 859 1237 952 proximo·
1254 869 1289 940 59

189 995 287 1058 rum,
310 987 416 1071 atque
440 969 619 1043 navalium
643 969 832 1060 incendio,
851 967 1062 1042 infestorum
1079 967 1259 1054 hostium]

190 1086 259 1160 tela
274 1087 466 1178 submovit,
479 1092 562 1158 niori
575 1091 611 1158 in
623 1084 845 1185 peninsulam
859 1083 999 1158 Pharon
1012 1084 1147 1157 subitus
1158 1093 1236 1158 eva‘·

190 1206 233 1272 sit
252 1229 266 1272 :·
282 1200 549 1301 indedepulsus
570 1205 606 1273 in
625 1191 739 1273 maria
755 1203 846 1272 mira
864 1197 1032 1272 felicitate
1050 1199 1097 1271 ad
1112 1203 1237 1298 proxi-

189 1343 285 1389 mam
301 1315 445 1390 classem
459 1319 631 1404 enatavit,
647 1313 772 1387 relicto
787 1313 933 1415 quidem
947 1318 982 1386 in
994 1311 1160 1385 fluctibus
1172 1338 1238 1410 pa·

188 1427 484 1521 ludamento,seu
495 1429 586 1519 fato,
601 1455 661 1502 seu
672 1427 834 1519 consilio,
846 1445 886 1501 ut
895 1427 983 1501 illud
995 1427 1237 1527 ingruentibus
1263 1493 1266 1500 .

188 1545 345 1619 hostium
362 1546 439 1619 telis
460 1549 620 1644 saxisque
638 1561 828 1644 peteretur.
849 1544 1011 1617 Tandem
1032 1559 1195 1642 receptus
1216 1570 1236 1615 a
1254 1560 1290 1613 60

189 1660 341 1733 classicis
354 1666 438 1750 suis,
455 1660 614 1760 undique
625 1659 727 1732 simul
740 1659 856 1732 hostes
871 1657 1031 1748 adortus,
1045 1657 1090 1731 de
1102 1655 1236 1730 imbelli

189 1801 232 1848 ac
252 1773 391 1874 perfida
405 1790 509 1872 gente
525 1774 620 1871 justa
635 1776 756 1872 generi
776 1771 941 1844 Manibus
958 1773 1067 1846 dedit.
1090 1774 1236 1871 Quippe

188 1906 225 1962 et
238 1887 445 1962 Theodotus
459 1893 626 1987 magister
642 1903 836 1986 auctorque
852 1893 959 1960 totius
970 1887 1071 1976 belli,
1085 1905 1121 1962 et
1131 1915 1176 1961 ne
1186 1893 1235 1964 vi.-

188 2003 267 2076 rilia
291 2003 437 2103 quidem
458 2019 644 2103 portenta,
668 2001 839 2074 Pothinus
859 2019 965 2102 atque
989 2001 1234 2103 Ganymedes,
1270 2031 1274 2038 ·

188 2119 325 2191 diversa
349 2145 415 2218 per
430 2117 534 2190 ‘mare
554 2135 589 2190 et
612 2135 722 2190 terras
745 2115 830 2214 fuga
851 2133 887 2190 et
909 2133 1027 2190 morte
1047 2122 1233 2190 consumti.

187 2237 292 2331 Regis
306 2237 414 2330 ipsius
426 2259 555 2330 corpus
570 2231 756 2320 obrutum,
768 2228 859 2326 limo
869 2247 1050 2329 repertum
1062 2248 1115 2306 est
1127 2235 1164 2304 in
1176 2258 1235 2304 au·

188 2347 553 2450 rcae'loricaebonorge.
740 2357 743 2370 '

236 2465 276 2534 ln
292 2465 374 2536 Asia
390 2489 535 2564 quoque
547 2490 660 2537 novus
675 2477 795 2536 rerum
808 2478 925 2538 motus
942 2490 964 2536 a
978 2466 1107 2555 Ponto,
1128 2463 1233 2564 plane
1251 2483 1282 2536 61

188 2581 285 2676 quasi
300 2577 346 2650 de
360 2578 532 2652 industria
546 2595 710 2677 captante
723 2579 866 2652 fortuna
879 2577 975 2654 hunc
987 2579 1232 2654 Mithridatico

187 2718 296 2792 regno
314 2697 462 2783 exitum,
474 2710 545 2766 uta
559 2697 731 2794 Pompeio
745 2712 862 2793 pater,
876 2721 896 2768 a
908 2697 1046 2768 Caesare
1058 2693 1148 2768 filius
1162 2700 1233 2767 vin·

187 2827 338 2882 caretur.
358 2813 433 2882 Rex
450 2809 647 2884 Pharnaces
665 2815 777 2909 magis
795 2810 982 2884 discordiae
998 2828 1125 2882 nostrae
1143 2810 1232 2882 fidu·
1249 2831 1284 2883 62

189 2925 260 3010 cia,
283 2949 391 3022 quam
414 2927 549 2995 virtutis
569 2950 656 3014 suae,
678 2922 804 2995 infesto
826 2929 862 2994 in
883 2924 1152 3032 Cappadociam
1173 2951 1232 3025 ag-

188 3040 285 3107 mine
303 3035 428 3108 ruebat
435 3065 447 3126 ;¹
467 3037 529 3108 sed
547 3036 641 3109 hunc
658 3040 774 3109 Caesar
792 3063 994 3135 aggressus,
1009 3063 1100 3128 uno,
1121 3055 1173 3128 et,
1193 3055 1232 3112 ut
1249 3064 1285 3118 63

188 3154 237 3222 sic
255 3151 419 3242 dixerim,
437 3177 509 3224 non
525 3168 600 3224 toto
615 3151 752 3256 praelio,
770 3153 930 3225 obtrivit:
945 3179 1045 3226 more
1059 3152 1230 3244 fulminis,

225 3373 266 3440 59»
284 3374 417 3426 lucendio.
441 3376 501 3443 Quo
518 3377 687 3447 conflagravit
729 3393 822 3448 ceptor
842 3378 905 3440 luit,
926 3395 1041 3448 eumque
1061 3375 1229 3430 Rhetorictmr

188 3453 389 3506 instructissima
409 3454 567 3525 Lagidarum
591 3456 687 3508 biblio·
727 3454 854 3522 docebat,
865 3468 896 3508 ut
905 3473 937 3508 ex
948 3454 1089 3508 Plutarcho
1100 3469 1182 3525 patet.
1193 3485 1230 3500 ·-

189 3531 274 3583 theca.
293 3561 329 3570 -
343 3533 511 3588 Peninsulam
528 3533 645 3589 Pteron.
666 3537 687 3587 E
727 3537 769 3589 Ne
780 3535 866 3588 virilia
880 3537 984 3608 quidem
994 3547 1123 3608 portenta.
1137 3539 1229 3590 Eunu-

187 3616 294 3683 regionc
310 3615 472 3667 Alexandriae
488 3617 631 3686 antiquitus
645 3617 687 3666 in·
726 3616 770 3668 chi
779 3615 888 3668 scilicet.
900 3645 936 3656 -
947 3619 981 3668 Iu
994 3617 1099 3670 bonore.
1119 3619 1231 3688 Propter

187 3691 243 3746 sula
252 3693 316 3754 fain
326 3706 419 3762 postea
426 3713 488 3746 vero
498 3692 589 3760 limus,
601 3693 686 3746 atalia
727 3708 919 3748 ornamentum.

186 3773 254 3824 inter
270 3791 329 3824 eam
343 3785 370 3824 st
381 3774 518 3844 AEgypmm
531 3773 685 3840 induruere,
761 3773 805 3824 63.
829 3773 900 3838 Uno,
918 3783 971 3824 et...
990 3791 1041 3824 non
1062 3783 1116 3825 toto
1127 3773 1229 3842 prelio.

186 3865 215 3902 ut
235 3869 307 3904 nunc
326 3853 437 3923 AEgypto
459 3851 491 3902 ab
511 3850 593 3902 altera
612 3866 686 3928 parte
727 3851 816 3904 Simile
829 3869 909 3923 supra
923 3852 961 3916 ll,
976 3868 1005 3920 7,
1027 3865 1073 3901 ιιι
1096 3852 1178 3903 «Uno
1198 3871 1229 3904 ac

186 3931 312 4000 contigua
324 3931 365 3982 sit.
380 3931 551 3998 Quapropter
564 3934 688 4000 peninsu·
730 3951 785 3984 «ne
805 3931 860 3982 boo
880 3930 987 4001 quidem
1007 3933 1080 4000 justo
1103 3931 1203 4003 praelio.
1215 3957 1228 3982 ι

185 4011 238 4062 lam
247 4029 306 4062 cam
315 4009 536 4076 vocavitttoster,
546 4027 625 4078 quarn
634 4012 687 4061 llo·
726 4008 814 4062 Verbo
826 4026 880 4060 non
894 4017 948 4060 toto
960 4007 1052 4079 praelio
1064 4011 1151 4084 accipi
1164 4031 1230 4083 pos-

186 4109 274 4142 merus
300 4105 379 4144 antea
400 4087 513 4142 insulam
537 4104 686 4141 vocaverat.
727 4101 798 4152 sent,
813 4100 915 4140 tantum
923 4101 1026 4160 partem
1037 4092 1166 4144 exercitus
1176 4094 1229 4146 Ce-

186 4171 237 4220 En.
247 4171 343 4222 omn.
726 4170 790 4220 saris
804 4186 956 4239 pugnasse:
970 4169 1001 4222 iis
1017 4180 1105 4222 tamen
1120 4170 1228 4224 Florum

222 4251 558 4322 60.Genen'.Pompeii.-·
570 4249 686 4302 Tltcodo·
726 4249 887 4304 celeritatem
908 4252 1021 4304 victoriae
1040 4250 1159 4304 iudicare
1181 4269 1229 4302 vc·

188 4341 227 4382 tur
240 4332 366 4403 mapister.
383 4329 513 4382 Ptolemaei
528 4331 602 4402 pueri
619 4349 687 4399 pre·
727 4329 805 4384 luisse
820 4329 902 4401 liquet
914 4329 969 4397 liis,
981 4347 1039 4400 quse
1051 4329 1125 4382 addit
1135 4329 1168 4380 de
1178 4329 1229 4380 ful-
