3142 4938
349 521 390 587 66
673 523 709 584 L.
735 523 892 587 turni
917 521 1061 591 rnout

319 674 332 708 2
350 649 447 717 annis
462 642 639 730 conferat,
657 659 795 714 aetatem
804 641 896 714 ultra
906 659 1018 741 putet.
1035 648 1087 716 lta
1100 643 1170 716 late
1184 671 1250 742 per
1263 648 1385 722 orbem

256 773 263 788 '
348 779 524 832 terrarum
536 786 634 831 arma
647 757 875 848 circumtulit,
888 764 1000 858 utqui
1013 786 1067 831 res
1079 761 1153 858 ejus
1163 759 1300 862 legunt,
1315 791 1387 837 non

349 879 450 949 unius
473 873 614 972 populi,
635 872 697 946 sed
717 877 853 974 generis
874 873 1019 953 humani
1039 873 1112 948 fata
1133 876 1279 952 discant.
1295 881 1387 952 Nam

348 1007 401 1062 tot
414 987 594 1061 laboribus
609 986 845 1086 periculisque
858 987 1009 1085 jactatus
1028 1006 1096 1080 est,
1113 1009 1170 1082 ut,
1188 991 1234 1064 ad
1255 999 1387 1066 consti·
1459 1031 1461 1037 ¹

348 1101 519 1178 tuendum
529 1104 601 1202 ejus
611 1107 816 1200 imperium,
828 1104 1048 1178 contendisse
1063 1109 1179 1179 Virtus
1189 1124 1224 1180 et
1231 1109 1386 1182 Fortuna

313 1234 330 1284 3
349 1218 542 1290 videantur.
561 1218 681 1306 Quare
694 1241 804 1314 qaum
816 1221 996 1315 praecipua
1013 1245 1160 1320 quaeque
1175 1247 1292 1320 operae
1305 1249 1386 1322 pre·

347 1339 435 1404 tium
459 1336 503 1404 sit
525 1356 738 1428 cognoscere
763 1329 954 1428 sigillatim,
976 1349 1097 1406 tamen
1116 1339 1200 1433 quia
1221 1341 1298 1435 ipsa
1319 1337 1384 1412 sibi

348 1446 463 1518 o'bstat
482 1444 707 1542 magnitudo,
729 1469 920 1544 rerumque
939 1445 1120 1520 diversitas
1136 1454 1251 1521 aciem
1267 1455 1383 1522 inten-

347 1563 450 1631 tionis
466 1558 670 1656 abrumpit,¹
682 1557 828 1648 faciam,
842 1560 940 1663 quod
953 1560 1067 1634 solent
1081 1568 1141 1662 qui
1155 1579 1330 1637 terrarum
1343 1571 1384 1637 si-

346 1678 575 1772 tuspingunt:
589 1678 625 1745 in
634 1673 733 1746 brevi
745 1701 844 1772 quasi
835 1675 983 1748 tabella
991 1691 1104 1749 totam
1113 1705 1186 1778 ejus
1195 1706 1383 1780 imaginem

347 1786 555 1918 amplectar,
570 1813 643 1858 non
654 1787 756 1879 mhrl
766 1807 806 1860 ut
815 1817 935 1889 spero
949 1792 996 1864 ad
1008 1793 1277 1867 admirationem
1290 1801 1383 1926 prin·

346 1905 432 1998 cipis
449 1898 573 1999 populi
593 1846 801 1991 collaturus,
821 1908 849 1974 si
869 1910 1003 2002 pariter
1021 1923 1126 2006 atque
1148 1905 1287 1978 insimul
1301 1913 1382 1979 uni·

344 2042 480 2088 versam
494 2015 818 2115 magnitudinem
790 2045 862 2118 ejus
879 2020 1078 2094 ostendero.

310 2144 326 2208 4
392 2132 427 2201 Si
450 2135 527 2230 quis
551 2157 634 2229 ergo
655 2129 829 2228 populum
853 2135 1054 2207 Romanum
1076 2141 1174 2236 quasi
1199 2133 1381 2208 hominem

344 2244 558 2337 consideret,
577 2260 759 2344 totamque
777 2246 849 2346 ejus
863 2265 1002 2322 aetatem
1016 2265 1238 2350 percenseat,
1256 2265 1296 2324 ut
1309 2276 1381 2326 coe-

343 2465 379 2518 ιΙΙ
372 2486 507 2533 usanms
517 2467 585 2518 hanc
595 2481 842 2520 sententiamrtaex
885 2495 1000 2529 ninum
1012 2477 1109 2527 referre
1117 2485 1211 2546 putat
1224 2478 1252 2527 in
1264 2493 1321 2548 quae
1334 2495 1381 2533 cu

342 2549 448 2616 pressit,
459 2547 551 2616 3392·
541 2546 840 2606 «Vixcredcnttantnm
885 2549 1227 2618 ujusquevirtustempora
1242 2547 1380 2604 inciderit:

345 2645 455 2677 rerum
466 2629 567 2697 cepisse
579 2638 619 2676 tot
632 2642 746 2676 annos.
885 2627 932 2676 in
944 2625 1031 2677 multis
1041 2627 1110 2676 enim
1120 2627 1221 2677 virtutis
1232 2643 1313 2695 opera
1325 2643 1380 2676 ma·

378 2721 402 2754 a.
414 2708 477 2758 Non
488 2706 564 2757 unicis
575 2703 708 2776 populi...
716 2703 779 2775 fata
790 2705 895 2757 dis-
884 2723 955 2774 gna
964 2705 1059 2768 misse,
1072 2702 1118 2758 sed
1127 2705 1227 2772 majora
1236 2704 1377 2758 fortuna.-

341 2796 409 2837 cont.
425 2786 466 2837 Sic
483 2799 569 2837 totum
587 2802 671 2855 propo
682 2781 775 2835 orben
788 2785 840 2835 Ro·
916 2783 940 2834 3.
958 2784 1131 2853 Qumqnum
1143 2784 1302 2854 promptu...
1312 2781 1381 2856 rigil-

252 2891 256 2897 ·
340 2883 417 2917 mana
434 2862 614 2938 magnitudine
628 2863 763 2914 involvens
777 2863 841 2915 Sue-
881 2859 1380 2925 latim‚etc.Textumfoedclr.l.acom·

339 2950 443 3014 tonius,
465 2947 546 3016 Galig.
579 2945 623 3010 13,
646 2961 675 3006 r;
698 2943 839 3018 «Populus
878 2941 1071 2996 metatoribus
1081 2955 1204 2996 seratum
1215 2944 1252 2996 ita
1266 2942 1380 2997 restituit

342 3024 560 3092 aliomanunvel,
571 3037 600 3075 ιιι
608 3026 644 3074 ita
651 3021 747 3088 dicam,
753 3021 840 3074 homi·
878 3023 1000 3076 Gravius.
1012 3023 1160 3078 Novissime
1171 3024 1296 3076 simon:
1309 3023 1379 3090 Qu·

341 3125 425 3160 anom
436 3126 548 3178 genus.»
559 3135 596 3144 —
606 3105 767 3156 contendisse
780 3103 839 3157 Vir·
879 3119 904 3152 νε
913 3119 994 3173 quum
1005 3102 1136 3174 precipue
1149 3102 1197 3154 lton
1208 3119 1309 3174 quoqne
1317 3117 1377 3171 prn-

338 3197 409 3238 roser
413 3184 524 3254 fortuna
533 3183 677 3236 videantur.
689 3180 778 3232 Plures
792 3197 837 3234 eo·
879 3181 942 3233 dum
962 3182 994 3233 ιιι
1011 3198 1159 3252 cognoscere
1176 3193 1277 3242 ιαιιιιιι,
1296 3191 1375 3232 ιιι...

337 3269 409 3321 dices
424 3271 577 3322 viderentur.
591 3268 629 3317 De
641 3279 780 3333 mantem,
794 3265 837 3317 hic
877 3290 912 3300 -
926 3259 1073 3326 Nonnihil,
1095 3273 1123 3312 nt
1140 3277 1225 3331 spero,
1242 3258 1277 3312 acl
1292 3256 1378 3310 «dnti-

335 3365 444 3417 prorsus
467 3366 527 3398 curn
544 3343 652 3413 Virgilio
675 3341 838 3396 exclamaodi
878 3341 1003 3394 ationem
1017 3341 1143 3412 principis
1155 3338 1250 3412 pepuli
1262 3337 1376 3390 collatu·

336 3427 412 3478 loeus
431 3427 487 3478 AEn.
507 3428 534 3490 1,
555 3421 603 3474 33:
627 3423 739 3476 «Tantae
759 3420 837 3475 molis
878 3437 926 3474 rus
941 3418 1108 3490 Quoquiden
1120 3417 1376 3489 inproperium-

338 3519 413 3558 «erat
421 3506 565 3556 Romanam
573 3501 687 3554 condere
695 3506 833 3571 gantemlu
877 3496 1376 3568 nihiladadrnirationemprirrcipispo—

335 3587 403 3637 Nam
413 3603 495 3656 quum
504 3583 598 3636 Florus
610 3583 637 3632 in
649 3581 836 3634 concatenando
876 3579 933 3648 puli
951 3577 1119 3644 conferendi,
1137 3581 1174 3632 ita
1192 3589 1316 3632 corruam
1337 3589 1375 3630 art

335 3666 455 3716 Romano
468 3663 578 3734 imperio
589 3663 708 3714 vitutem
718 3673 744 3712 et
754 3661 836 3712 forru-
875 3661 986 3726 Noster,
998 3673 1027 3714 ιιι
1036 3659 1309 3712 minustissimorum
1320 3671 1376 3722 gas-

335 3761 397 3796 nam
406 3741 599 3796 marcadantes
611 3740 739 3804 ostendit,
749 3742 835 3796 innuit
875 3751 962 3792 torum
979 3739 1129 3802 historiam,
1143 3753 1222 3807 quarn
1234 3734 1374 3804 penegyri-

334 3821 434 3876 scilicet
455 3835 508 3874 tam
531 3839 626 3894 parum
649 3822 706 3874 sine
728 3821 834 3875 fouuna
874 3839 933 3876 cum
942 3814 1374 3896 scripsissalquibusdcmvideatun

333 3902 456 3958 rirtmern
470 3903 607 3966 effecisse,
620 3917 700 3970 quam
712 3901 769 3952 sine
781 3901 834 3950 rir-
872 3920 921 3954 nec
932 3902 1022 3954 forsan
1034 3903 1105 3954 omni
1114 3917 1145 3952 ex
1153 3909 1226 3967 pute
1234 3897 1372 3948 immerito.

333 3991 389 4033 tute
407 3981 549 4034 fortunam.
568 3981 608 4031 Sic
625 3980 730 4033 Curtius
745 3979 783 4041 X,
800 3977 831 4041 5,
872 3979 1099 4051 -Pariteratquc
1110 3973 1264 4030 iniciari-Id
1277 3986 1330 4036 est,
1345 3985 1372 4027 ιιι

333 4057 381 4123 35,
398 4059 504 4126 latetur,
520 4059 734 4122 «Alexandrum,
749 4074 831 4128 quum
871 4062 927 4131 ipsa
941 4077 969 4110 ac
985 4057 1132 4120 usitabat,
1148 4067 1228 4126 atque
1242 4057 1269 4108 in
1281 4073 1371 4108 unum.

334 4136 466 4193 ιιιιιιΙιιιιιι
477 4137 597 4196 debuerit
606 4139 709 4202 virtuti,
717 4137 776 4207 plus
786 4135 831 4191 de·
871 4141 921 4191 Pro
936 4136 1045 4192 insimul
1059 4133 1177 4206 plerique
1191 4133 1272 4188 codd.
1293 4135 1321 4186 in
1333 4152 1372 4186 sc·

292 4241 295 4252 ·
333 4241 343 4264 ι
355 4217 443 4274 buisse
451 4219 570 4273 fortuna.
581 4241 590 4266 ι
601 4218 641 4271 Sic
648 4218 745 4272 Plinius
756 4216 831 4272 -rtu-
871 4228 936 4276 mct,·
949 4216 981 4270 ai.
996 4211 1102 4270 insemel
1109 4253 1117 4280 ‚
1136 4214 1162 4266 in
1178 4215 1263 4270 instar.
