3156 4950
281 425 283 428 -
311 402 374 479 ψ
637 399 673 460 n.
697 397 857 462 rnnnr
881 397 1026 462 ruonr

309 539 546 612 commeatus,
571 539 606 594 et
624 525 763 594 munire
783 537 924 620 poterat
944 549 966 594 a
985 539 1103 622 tergo,
1124 522 1266 598 relictus
1285 528 1354 598 Eu-

309 635 463 737 phrates.
475 640 569 709 Tum
578 634 741 708 simulato
751 635 940 736 transfugae
950 637 1092 710 cuidam
1102 641 1253 712 Mazarae
1263 642 1353 741 Syro

309 755 480 846 creditur,
497 753 583 826 dum
604 759 641 825 in
659 752 816 826 mediam
837 779 1045 854 camporum
1063 761 1279 849 vastitatem,
1297 785 1353 830 eo-

309 870 393 944 dem
412 871 521 960 duce,
539 870 666 943 ductus
685 875 874 961 exercitus,
897 889 938 943 ut
954 872 1112 972 undique
1130 871 1224 947 hosti
1245 901 1354 974 expo-

259 1001 291 1062 ,8
308 1004 461 1062 necetur.
479 991 603 1087 ltaque
623 986 768 1060 vixdum
787 1004 933 1060 venerat
954 991 1098 1079 Carras,
1120 1016 1231 1090 quum
1248 991 1353 1063 undi-

306 1129 377 1202 que
406 1103 566 1201 praefecti
596 1107 705 1202 regis,
735 1101 876 1176 Sillaces
905 1119 940 1176 et
967 1105 1135 1194 Surenas,
1166 1105 1351 1179 ostendere

306 1223 406 1316 signa
419 1243 506 1290 auro
517 1222 707 1317 sericisque
718 1216 851 1290 vexillis
862 1215 1047 1291 vibrantia.
1060 1221 1153 1290 Tum
1165 1223 1239 1292 sine
1250 1245 1352 1292 mora

307 1332 513 1406 circumfirsi
539 1332 697 1432 undique
721 1337 913 1431 equitatus,
938 1337 975 1405 in
1000 1333 1149 1406 modum
1172 1334 1350 1432 grandinis

307 1465 414 1547 atque
429 1449 637 1520 nimborum
653 1445 762 1519 densa
777 1450 911 1545 pariter
930 1445 1002 1519 tela
1019 1447 1199 1521 fuderunt.
1216 1451 1270 1521 Sic
1287 1453 1350 1521 mi·

273 1563 449 1646 9serabili
471 1581 587 1662 strage
609 1561 742 1635 deletus
766 1567 947 1634 exercitus.
972 1567 1052 1663 Ipse
1072 1569 1108 1636 in
1131 1564 1350 1666 colloquium

306 1675 514 1768 solicitatus,
539 1681 637 1776 signo
655 1675 757 1766 dato,
774 1681 874 1749 vivus
891 1681 929 1748 in
947 1675 1101 1751 hostium
1122 1704 1247 1751 manus
1267 1685 1349 1752 inci·

308 1795 432 1884 disset,
452 1799 535 1885 nisi,
553 1791 703 1866 tribunis
722 1792 992 1885 reluctantibus,
1013 1793 1134 1894 fugam
1156 1795 1255 1868 ducis
1270 1797 1349 1872 bar-

306 1911 386 1985 bari
403 1911 500 1985 ferro
517 1927 759 2009 occupassent.
778 1911 834 1983 Sic
853 1937 995 2010 quoque
1014 1909 1165 1984 relatum
1181 1913 1350 2010 caputlu·

259 2060 290 2094 ιο
307 2027 426 2102 dibrio
434 2025 526 2100 hosti
538 2026 615 2099 fuit.
631 2026 759 2098 Filium
769 2025 868 2100 ducis
878 2053 978 2126 paene
989 2033 1025 2099 in
1038 2045 1228 2126 conspectu
1239 2036 1349 2126 patris

307 2142 441 2216 eisdem
465 2141 543 2216 telis
571 2169 755 2241 operuere.
784 2140 954 2241 Reliquiae
982 2140 1129 2214 infelicis
1156 2147 1349 2234 exercitus,

307 2285 380 2357 quo
401 2284 578 2357 quemque
599 2262 718 2356 rapuit
738 2257 840 2355 fuga,
863 2262 899 2328 in
921 2259 1147 2348 Anneniam,
1170 2257 1349 2349 Ciliciam,

307 2375 518 2472 Syriamque
534 2372 727 2462 distractae,
749 2378 808 2446 vit
826 2377 990 2444 nuntium
1012 2370 1122 2446 cladis
1141 2373 1347 2446 retulerunt.

260 2515 287 2551 ¹¹
308 2489 426 2586 Caput
447 2489 521 2590 ejus
541 2493 709 2577 recisum,
734 2515 816 2560 cum
839 2488 984 2562 dextera
1008 2515 1133 2580 manu,
1157 2487 1203 2560 ad
1227 2515 1346 2588 regem
1421 2493 1425 2507 '

308 2603 536 2706 deportatum
548 2603 704 2676 ludibrio
715 2603 797 2697 fuit,
809 2631 925 2704 neque
936 2604 1092 2706 indigno.
1105 2607 1241 2678 Aurum
1253 2609 1348 2677 enim

305 2719 483 2820 liquidum
498 2724 535 2791 in
549 2723 678 2822 rictum
694 2724 762 2792 oris
776 2715 930 2794 inlusum
948 2737 1017 2810 est,
1032 2736 1087 2812 ut,
1101 2721 1199 2819 cujus
1212 2725 1349 2792 animus

307 2852 440 2908 arserat
456 2840 532 2908 auri
546 2833 756 2934 cupiditate,
774 2837 849 2937 ejus
866 2840 973 2908 etiam
984 2852 1166 2909 mortuum
1180 2853 1215 2909 et
1231 2863 1348 2909 exsan-

306 2977 375 3052 gue
389 2977 519 3050 corpus
534 2976 620 3023 auro
635 2965 806 3023 ureretur.

191 3199 193 3206 ,
305 3155 561 3222 mrbaverint,sam
575 3157 728 3228 primum...
743 3153 807 3207 Gal·
847 3175 957 3228 nempe,
977 3154 1041 3208 licet
1057 3157 1160 3208 occisus
1176 3155 1271 3222 fuerit,
1290 3158 1346 3225 ejus

304 3233 355 3286 lice
365 3259 377 3281 ι
385 3233 805 3306 dabord,sansallerplusloin...·
848 3248 929 3306 caput
940 3235 1084 3287 abscissum
1093 3234 1164 3286 hosti
1172 3231 1287 3284 ludibrio
1297 3233 1346 3286 da-

304 3315 509 3366 -Mazaretn
518 3313 805 3368 bocnominemultum
845 3315 973 3367 tumfuit.

304 3395 406 3448 variant
417 3392 523 3445 codices
535 3405 562 3444 et
574 3393 710 3445 editiones.
883 3409 921 3445 ιι.
935 3393 1061 3463 Ut,eujus
1071 3391 1174 3443 animus
1182 3390 1241 3441 auri
1252 3399 1347 3443 arserat

340 3472 365 3524 8.
387 3473 484 3523 canas
496 3470 595 3538 Carras,
607 3473 804 3543 Mesopotamia
843 3471 997 3545 cupiditate,
1012 3483 1061 3521 etc.
1075 3468 1116 3520 Sic
1125 3467 1199 3540 apud
1212 3470 1345 3520 lustinum

303 3548 441 3622 oppidum.
843 3551 855 3600 l
862 3590 870 3618 ,
886 3549 917 3616 8,
936 3549 983 3615 13,
1001 3545 1178 3620 nScytlmrum
1194 3549 1283 3617 regina
1300 3565 1344 3598 ea-

338 3646 363 3698 9.
379 3630 556 3699 Occupassent.
566 3629 760 3680 Praevenissent.
768 3661 803 3670 —
846 3649 858 3675 ι
868 3643 916 3700 put
924 3627 984 3701 Cyri
995 3641 1160 3700 amputatum
1169 3629 1197 3678 in
1204 3641 1288 3678 utrem
1299 3625 1345 3677 bu·

300 3711 345 3764 St'c
361 3727 469 3784 quoque.
489 3707 608 3760 Pendent
625 3706 681 3759 haec
695 3709 803 3762 verbaa
846 3725 946 3759 «mano
964 3708 1091 3776 sanguine
1106 3704 1234 3778 repletum
1248 3705 1344 3774 conjici

300 3787 523 3860 precedentibus:
535 3787 587 3838 nisi
596 3785 703 3838 barbari
713 3787 802 3858 fugam
845 3788 962 3856 «jussit,
986 3807 1048 3839 curn
1069 3786 1120 3838 hac
1143 3785 1344 3857 exprobratione

301 3867 387 3920 Crassi
396 3870 466 3920 ferro
477 3878 666 3939 occupassent,
675 3863 718 3916 hic
727 3868 801 3919 vivus
845 3889 856 3913 ι
866 3866 1028 3920 crudelitatis
1035 3891 1041 3920 ι
1049 3868 1124 3920 Sutia
1134 3880 1158 3920 te
1162 3906 1172 3934 ‚
1181 3865 1268 3940 inquit
1272 3883 1344 3930 ,sars-

301 3945 328 3995 in
346 3944 463 3998 hostium
481 3963 575 3997 manus
593 3941 744 4012 incidisset,
764 3946 800 3996 eis
844 3947 944 4019 equine
960 3965 1036 4020 quem
1054 3947 1143 4011 sitisti,
1163 3947 1285 4017 cujusque
1299 3943 1341 3994 in-

300 4022 415 4079 ludibrio
422 4027 540 4080 futurus:
549 4026 585 4080 st'c
592 4039 799 4098 quoquetatnem
843 4025 988 4080 *satiabilis
998 4025 1189 4098 semptrfist'stt'.
1201 4047 1212 4074 s
