<?xml version="1.0" encoding="UTF-8"?>
<!DOCTYPE html PUBLIC "-//W3C//DTD XHTML 1.0 Transitional//EN"
    "http://www.w3.org/TR/xhtml1/DTD/xhtml1-transitional.dtd">
<html xmlns="http://www.w3.org/1999/xhtml" xml:lang="en" lang="en">
 <head>
  <title>
</title>
<meta http-equiv="Content-Type" content="text/html;charset=utf-8" />
  <meta name='ocr-system' content='tesseract 3.04.00' />
  <meta name='ocr-capabilities' content='ocr_page ocr_carea ocr_par ocr_line ocrx_word'/>
</head>
<body>
  <div class='ocr_page' id='page_1' title='image "./luciiannaeiflor00lemagoog_0105.png"; bbox 0 0 3108 4950; ppageno 0'>
   <div class='ocr_carea' id='block_1_1' title="bbox 265 419 979 486">
    <p class='ocr_par' dir='ltr' id='par_1_1' title="bbox 265 419 979 486">
     <span class='ocr_line' id='line_1_1' title="bbox 265 419 979 486; baseline -0.006 -2"><span class='ocrx_word' id='word_1_1' title='bbox 265 422 306 486; x_wconf 83' lang='grc'>88</span> <span class='ocrx_word' id='word_1_2' title='bbox 590 421 626 483; x_wconf 91' lang='lat' dir='ltr'>L.</span> <span class='ocrx_word' id='word_1_3' title='bbox 650 420 809 484; x_wconf 79' lang='lat' dir='ltr'>ANNAEI</span> <span class='ocrx_word' id='word_1_4' title='bbox 833 419 979 483; x_wconf 84' lang='lat' dir='ltr'>FLORI</span> 
     </span>
    </p>
   </div>
   <div class='ocr_carea' id='block_1_2' title="bbox 263 541 1311 963">
    <p class='ocr_par' dir='ltr' id='par_1_2' title="bbox 263 541 1311 963">
     <span class='ocr_line' id='line_1_2' title="bbox 263 541 1309 642; baseline 0 -26"><span class='ocrx_word' id='word_1_5' title='bbox 263 562 379 616; x_wconf 90' lang='lat' dir='ltr'>tremo</span> <span class='ocrx_word' id='word_1_6' title='bbox 396 542 546 642; x_wconf 79' lang='lat' dir='ltr'>Superbi</span> <span class='ocrx_word' id='word_1_7' title='bbox 569 541 660 615; x_wconf 88' lang='lat' dir='ltr'>illius</span> <span class='ocrx_word' id='word_1_8' title='bbox 681 547 886 642; x_wconf 86' lang='lat' dir='ltr'>importuna</span> <span class='ocrx_word' id='word_1_9' title='bbox 909 541 1107 614; x_wconf 87' lang='lat' dir='ltr'>dominatio</span> <span class='ocrx_word' id='word_1_10' title='bbox 1129 542 1309 635; x_wconf 88' lang='lat' dir='ltr'>nonnihil,</span> 
     </span>
     <span class='ocr_line' id='line_1_3' title="bbox 265 657 1311 758; baseline 0.001 -27"><span class='ocrx_word' id='word_1_11' title='bbox 265 665 375 733; x_wconf 86' lang='lat' dir='ltr'>immo</span> <span class='ocrx_word' id='word_1_12' title='bbox 389 657 446 731; x_wconf 91' lang='lat' dir='ltr'>vel</span> <span class='ocrx_word' id='word_1_13' title='bbox 462 657 656 758; x_wconf 90' lang='lat' dir='ltr'>plurimum</span> <span class='ocrx_word' id='word_1_14' title='bbox 668 659 821 757; x_wconf 85' lang='lat' dir='ltr'>profuit:</span> <span class='ocrx_word' id='word_1_15' title='bbox 838 664 889 731; x_wconf 85' lang='lat' dir='ltr'>sic</span> <span class='ocrx_word' id='word_1_16' title='bbox 898 664 994 731; x_wconf 89' lang='lat' dir='ltr'>enim</span> <span class='ocrx_word' id='word_1_17' title='bbox 1002 657 1175 734; x_wconf 86' lang='lat' dir='ltr'>effectum</span> <span class='ocrx_word' id='word_1_18' title='bbox 1186 678 1253 750; x_wconf 90' lang='lat' dir='ltr'>est,</span> <span class='ocrx_word' id='word_1_19' title='bbox 1270 678 1311 732; x_wconf 92' lang='lat' dir='ltr'>ut</span> 
     </span>
     <span class='ocr_line' id='line_1_4' title="bbox 267 773 1310 874; baseline 0.004 -28"><span class='ocrx_word' id='word_1_20' title='bbox 267 779 413 874; x_wconf 74' lang='lat' dir='ltr'>agitatus</span> <span class='ocrx_word' id='word_1_21' title='bbox 432 775 565 873; x_wconf 89' lang='lat' dir='ltr'>injuriis</span> <span class='ocrx_word' id='word_1_22' title='bbox 588 773 760 874; x_wconf 91' lang='lat' dir='ltr'>populus,</span> <span class='ocrx_word' id='word_1_23' title='bbox 783 775 977 874; x_wconf 88' lang='lat' dir='ltr'>cupiditate</span> <span class='ocrx_word' id='word_1_24' title='bbox 997 775 1169 849; x_wconf 80' lang='lat' dir='ltr'><strong>libertatis</strong></span> <span class='ocrx_word' id='word_1_25' title='bbox 1190 781 1310 850; x_wconf 89' lang='lat' dir='ltr'>incen-</span> 
     </span>
     <span class='ocr_line' id='line_1_5' title="bbox 268 890 420 963; baseline -0.007 -2"><span class='ocrx_word' id='word_1_26' title='bbox 268 890 420 963; x_wconf 90' lang='lat' dir='ltr'>deretur.</span> 
     </span>
    </p>
   </div>
   <div class='ocr_carea' id='block_1_3' title="bbox 267 1150 1314 1172">
    <p class='ocr_par' dir='ltr' id='par_1_3' title="bbox 267 1150 1314 1172">
     <span class='ocr_line' id='line_1_6' title="bbox 267 1150 1314 1172; baseline 0.003 -4"><span class='ocrx_word' id='word_1_27' title='bbox 267 1150 653 1170; x_wconf 57' lang='grc' dir='ltr'>ΜΛΜᾺΜΜἈΜΜἏΛΜ</span> <span class='ocrx_word' id='word_1_28' title='bbox 658 1151 1314 1172; x_wconf 60' lang='grc' dir='ltr'>ΜΜΜΜΜΜΜΙΜΜἪΜἉ</span> 
     </span>
    </p>
   </div>
   <div class='ocr_carea' id='block_1_4' title="bbox 755 1336 828 1411">
    <p class='ocr_par' dir='ltr' id='par_1_4' title="bbox 755 1336 828 1411">
     <span class='ocr_line' id='line_1_7' title="bbox 755 1336 828 1411; baseline 0.027 -2"><span class='ocrx_word' id='word_1_29' title='bbox 755 1336 828 1411; x_wconf 85' lang='grc' dir='ltr'>ΙΧ.</span> 
     </span>
    </p>
   </div>
   <div class='ocr_carea' id='block_1_5' title="bbox 380 1566 1195 1641">
    <p class='ocr_par' dir='ltr' id='par_1_5' title="bbox 380 1566 1195 1641">
     <span class='ocr_line' id='line_1_8' title="bbox 380 1566 1195 1641; baseline -0.002 -1"><span class='ocrx_word' id='word_1_30' title='bbox 380 1572 448 1640; x_wconf 86' lang='lat' dir='ltr'>DE</span> <span class='ocrx_word' id='word_1_31' title='bbox 474 1566 793 1640; x_wconf 84' lang='lat' dir='ltr'><strong>MUTATIONE</strong></span> <span class='ocrx_word' id='word_1_32' title='bbox 818 1568 1195 1641; x_wconf 64' lang='lat' dir='ltr'>Rutpuuulcalt</span> 
     </span>
    </p>
   </div>
   <div class='ocr_carea' id='block_1_6' title="bbox 240 1769 1321 2563">
    <p class='ocr_par' dir='ltr' id='par_1_6' title="bbox 240 1769 1321 2451">
     <span class='ocr_line' id='line_1_9' title="bbox 240 1769 1315 1871; baseline -0.004 -27"><span class='ocrx_word' id='word_1_33' title='bbox 240 1811 249 1844; x_wconf 88' lang='lat' dir='ltr'>t</span> <span class='ocrx_word' id='word_1_34' title='bbox 320 1775 430 1871; x_wconf 79' lang='lat' dir='ltr'>Igitur</span> <span class='ocrx_word' id='word_1_35' title='bbox 451 1773 560 1842; x_wconf 89' lang='lat' dir='ltr'>Bruto</span> <span class='ocrx_word' id='word_1_36' title='bbox 587 1769 835 1869; x_wconf 82' lang='lat' dir='ltr'>Collatinoque</span> <span class='ocrx_word' id='word_1_37' title='bbox 858 1770 1008 1843; x_wconf 89' lang='lat' dir='ltr'>ducibus</span> <span class='ocrx_word' id='word_1_38' title='bbox 1032 1789 1068 1843; x_wconf 89' lang='lat' dir='ltr'>et</span> <span class='ocrx_word' id='word_1_39' title='bbox 1092 1769 1315 1858; x_wconf 88' lang='lat' dir='ltr'>auctoribus,</span> 
     </span>
     <span class='ocr_line' id='line_1_10' title="bbox 272 1886 1316 1986; baseline -0.001 -27"><span class='ocrx_word' id='word_1_40' title='bbox 272 1887 399 1986; x_wconf 90' lang='lat' dir='ltr'>quibus</span> <span class='ocrx_word' id='word_1_41' title='bbox 424 1886 595 1960; x_wconf 89' lang='lat' dir='ltr'>ultionem</span> <span class='ocrx_word' id='word_1_42' title='bbox 618 1892 670 1959; x_wconf 91' lang='lat' dir='ltr'>sui</span> <span class='ocrx_word' id='word_1_43' title='bbox 696 1893 850 1960; x_wconf 88' lang='lat' dir='ltr'>moriens</span> <span class='ocrx_word' id='word_1_44' title='bbox 876 1904 1040 1962; x_wconf 87' lang='lat' dir='ltr'>matrona</span> <span class='ocrx_word' id='word_1_45' title='bbox 1064 1886 1316 1975; x_wconf 86' lang='lat' dir='ltr'>mandaverat,</span> 
     </span>
     <span class='ocr_line' id='line_1_11' title="bbox 272 1999 1316 2100; baseline -0.002 -27"><span class='ocrx_word' id='word_1_46' title='bbox 272 2000 426 2100; x_wconf 91' lang='lat' dir='ltr'>populus</span> <span class='ocrx_word' id='word_1_47' title='bbox 439 2003 618 2074; x_wconf 86' lang='lat' dir='ltr'>Romanus</span> <span class='ocrx_word' id='word_1_48' title='bbox 635 2002 681 2075; x_wconf 90' lang='lat' dir='ltr'>ad</span> <span class='ocrx_word' id='word_1_49' title='bbox 696 2002 949 2076; x_wconf 87' lang='lat' dir='ltr'>vindicandum</span> <span class='ocrx_word' id='word_1_50' title='bbox 963 2001 1134 2076; x_wconf 83' lang='lat' dir='ltr'>libertatis</span> <span class='ocrx_word' id='word_1_51' title='bbox 1151 2027 1192 2073; x_wconf 90' lang='lat' dir='ltr'>ac</span> <span class='ocrx_word' id='word_1_52' title='bbox 1207 1999 1316 2099; x_wconf 86' lang='lat' dir='ltr'>pudi-</span> 
     </span>
     <span class='ocr_line' id='line_1_12' title="bbox 274 2115 1318 2217; baseline -0.004 -29"><span class='ocrx_word' id='word_1_53' title='bbox 274 2121 363 2189; x_wconf 88' lang='lat' dir='ltr'>citiae</span> <span class='ocrx_word' id='word_1_54' title='bbox 380 2117 504 2207; x_wconf 85' lang='lat' dir='ltr'>de‘cus,</span> <span class='ocrx_word' id='word_1_55' title='bbox 520 2116 678 2215; x_wconf 89' lang='lat' dir='ltr'>quodam</span> <span class='ocrx_word' id='word_1_56' title='bbox 694 2122 793 2217; x_wconf 87' lang='lat' dir='ltr'>quasi</span> <span class='ocrx_word' id='word_1_57' title='bbox 806 2122 972 2190; x_wconf 85' lang='lat' dir='ltr'>instinctu</span> <span class='ocrx_word' id='word_1_58' title='bbox 994 2115 1144 2205; x_wconf 81' lang='lat' dir='ltr'>deorum</span> <span class='ocrx_word' id='word_1_59' title='bbox 1162 2118 1318 2186; x_wconf 89' lang='lat' dir='ltr'>concita-</span> 
     </span>
     <span class='ocr_line' id='line_1_13' title="bbox 273 2231 1320 2331; baseline -0.002 -29"><span class='ocrx_word' id='word_1_60' title='bbox 273 2249 344 2320; x_wconf 89' lang='lat' dir='ltr'>tus,</span> <span class='ocrx_word' id='word_1_61' title='bbox 354 2258 474 2330; x_wconf 74' lang='lat' dir='ltr'>regem</span> <span class='ocrx_word' id='word_1_62' title='bbox 485 2251 630 2330; x_wconf 85' lang='lat' dir='ltr'>repente</span> <span class='ocrx_word' id='word_1_63' title='bbox 641 2232 812 2322; x_wconf 83' lang='lat' dir='ltr'>destituit,</span> <span class='ocrx_word' id='word_1_64' title='bbox 823 2231 919 2306; x_wconf 89' lang='lat' dir='ltr'>bona</span> <span class='ocrx_word' id='word_1_65' title='bbox 929 2231 1067 2330; x_wconf 86' lang='lat' dir='ltr'>diripit,</span> <span class='ocrx_word' id='word_1_66' title='bbox 1078 2257 1202 2331; x_wconf 76' lang='lat' dir='ltr'>agrum</span> <span class='ocrx_word' id='word_1_67' title='bbox 1211 2231 1320 2302; x_wconf 90' lang='lat' dir='ltr'>Marti</span> 
     </span>
     <span class='ocr_line' id='line_1_14' title="bbox 275 2345 1321 2451; baseline -0.004 -33"><span class='ocrx_word' id='word_1_68' title='bbox 275 2373 338 2418; x_wconf 92' lang='lat' dir='ltr'>suo</span> <span class='ocrx_word' id='word_1_69' title='bbox 353 2365 552 2451; x_wconf 77' lang='lat' dir='ltr'>cpnsecrat,</span> <span class='ocrx_word' id='word_1_70' title='bbox 568 2353 759 2446; x_wconf 88' lang='lat' dir='ltr'>imperium</span> <span class='ocrx_word' id='word_1_71' title='bbox 772 2352 809 2419; x_wconf 91' lang='lat' dir='ltr'>in</span> <span class='ocrx_word' id='word_1_72' title='bbox 824 2347 966 2422; x_wconf 90' lang='lat' dir='ltr'>eosdem</span> <span class='ocrx_word' id='word_1_73' title='bbox 981 2345 1154 2420; x_wconf 83' lang='lat' dir='ltr'>libertatis</span> <span class='ocrx_word' id='word_1_74' title='bbox 1168 2371 1238 2417; x_wconf 86' lang='lat' dir='ltr'>suae</span> <span class='ocrx_word' id='word_1_75' title='bbox 1251 2348 1321 2416; x_wconf 86' lang='lat' dir='ltr'>vin·</span> 
     </span>
    </p>

    <p class='ocr_par' dir='ltr' id='par_1_7' title="bbox 243 2461 1321 2563">
     <span class='ocr_line' id='line_1_15' title="bbox 243 2461 1321 2563; baseline -0.002 -29"><span class='ocrx_word' id='word_1_76' title='bbox 243 2501 257 2534; x_wconf 79' lang='lat'>2</span> <span class='ocrx_word' id='word_1_77' title='bbox 276 2461 372 2534; x_wconf 91' lang='lat' dir='ltr'>dices</span> <span class='ocrx_word' id='word_1_78' title='bbox 386 2463 569 2552; x_wconf 83' lang='lat' dir='ltr'>transfert,</span> <span class='ocrx_word' id='word_1_79' title='bbox 587 2480 722 2537; x_wconf 88' lang='lat' dir='ltr'>mutato</span> <span class='ocrx_word' id='word_1_80' title='bbox 734 2481 856 2538; x_wconf 89' lang='lat' dir='ltr'>tamen</span> <span class='ocrx_word' id='word_1_81' title='bbox 867 2469 1011 2537; x_wconf 86' lang='lat' dir='ltr'>nomine</span> <span class='ocrx_word' id='word_1_82' title='bbox 1027 2481 1063 2536; x_wconf 89' lang='lat' dir='ltr'>et</span> <span class='ocrx_word' id='word_1_83' title='bbox 1073 2465 1164 2563; x_wconf 89' lang='lat' dir='ltr'>jure.</span> <span class='ocrx_word' id='word_1_84' title='bbox 1176 2463 1321 2560; x_wconf 88' lang='lat' dir='ltr'>Quippe</span> 
     </span>
    </p>
   </div>
   <div class='ocr_carea' id='block_1_7' title="bbox 224 2631 1415 4204">
    <p class='ocr_par' dir='ltr' id='par_1_8' title="bbox 277 2631 1415 2865">
     <span class='ocr_line' id='line_1_16' title="bbox 312 2631 1415 2700; baseline -0.004 -14"><span class='ocrx_word' id='word_1_85' title='bbox 312 2631 388 2686; x_wconf 72' lang='lat' dir='ltr'>&#39;Cra</span> <span class='ocrx_word' id='word_1_86' title='bbox 397 2635 441 2686; x_wconf 86' lang='lat' dir='ltr'>tx.</span> <span class='ocrx_word' id='word_1_87' title='bbox 451 2636 779 2689; x_wconf 77' lang='lat' dir='ltr'>Deunrartoananunau·</span> <span class='ocrx_word' id='word_1_88' title='bbox 819 2640 846 2687; x_wconf 87' lang='lat' dir='ltr'>P.</span> <span class='ocrx_word' id='word_1_89' title='bbox 859 2634 940 2688; x_wconf 82' lang='lat' dir='ltr'>babet</span> <span class='ocrx_word' id='word_1_90' title='bbox 951 2649 976 2688; x_wconf 84' lang='lat' dir='ltr'>et</span> <span class='ocrx_word' id='word_1_91' title='bbox 987 2634 1084 2700; x_wconf 76' lang='lat' dir='ltr'>indice,</span> <span class='ocrx_word' id='word_1_92' title='bbox 1095 2646 1119 2687; x_wconf 85' lang='lat' dir='ltr'>et</span> <span class='ocrx_word' id='word_1_93' title='bbox 1129 2635 1248 2696; x_wconf 82' lang='lat' dir='ltr'>nomine,-</span> <span class='ocrx_word' id='word_1_94' title='bbox 1260 2631 1321 2684; x_wconf 89' lang='lat' dir='ltr'>libri</span> <span class='ocrx_word' id='word_1_95' title='bbox 1410 2645 1415 2660; x_wconf 82' lang='lat'>¹</span> 
     </span>
     <span class='ocr_line' id='line_1_17' title="bbox 277 2712 1321 2786; baseline 0 -24"><span class='ocrx_word' id='word_1_96' title='bbox 277 2727 320 2763; x_wconf 78' lang='lat' dir='ltr'>cn.</span> <span class='ocrx_word' id='word_1_97' title='bbox 334 2712 411 2764; x_wconf 81' lang='lat' dir='ltr'>Anno</span> <span class='ocrx_word' id='word_1_98' title='bbox 424 2712 500 2764; x_wconf 86' lang='lat' dir='ltr'>Urbis</span> <span class='ocrx_word' id='word_1_99' title='bbox 513 2712 625 2766; x_wconf 73' lang='lat' dir='ltr'>condita</span> <span class='ocrx_word' id='word_1_100' title='bbox 638 2713 689 2779; x_wconf 69' lang='lat'>245</span> <span class='ocrx_word' id='word_1_101' title='bbox 697 2751 705 2779; x_wconf 91' lang='lat'>‚</span> <span class='ocrx_word' id='word_1_102' title='bbox 718 2726 778 2765; x_wconf 86' lang='lat' dir='ltr'>ante</span> <span class='ocrx_word' id='word_1_103' title='bbox 818 2717 874 2766; x_wconf 86' lang='lat' dir='ltr'>fere</span> <span class='ocrx_word' id='word_1_104' title='bbox 889 2734 995 2780; x_wconf 83' lang='lat' dir='ltr'>omnes,</span> <span class='ocrx_word' id='word_1_105' title='bbox 1004 2714 1110 2786; x_wconf 81' lang='lat' dir='ltr'>judice:</span> <span class='ocrx_word' id='word_1_106' title='bbox 1124 2713 1248 2784; x_wconf 85' lang='lat' dir='ltr'>quidam,</span> <span class='ocrx_word' id='word_1_107' title='bbox 1260 2731 1321 2763; x_wconf 84' lang='lat' dir='ltr'>mu-</span> 
     </span>
     <span class='ocr_line' id='line_1_18' title="bbox 278 2789 1322 2865; baseline -0.001 -23"><span class='ocrx_word' id='word_1_108' title='bbox 278 2789 410 2842; x_wconf 84' lang='lat' dir='ltr'>Christum</span> <span class='ocrx_word' id='word_1_109' title='bbox 421 2805 513 2843; x_wconf 82' lang='lat' dir='ltr'>natum</span> <span class='ocrx_word' id='word_1_110' title='bbox 531 2790 590 2862; x_wconf 85' lang='lat'>509.</span> <span class='ocrx_word' id='word_1_111' title='bbox 820 2803 873 2846; x_wconf 79' lang='lat' dir='ltr'>tato</span> <span class='ocrx_word' id='word_1_112' title='bbox 887 2806 913 2845; x_wconf 86' lang='lat' dir='ltr'>et</span> <span class='ocrx_word' id='word_1_113' title='bbox 918 2796 982 2865; x_wconf 81' lang='lat' dir='ltr'>jure</span> <span class='ocrx_word' id='word_1_114' title='bbox 992 2805 1018 2844; x_wconf 83' lang='lat' dir='ltr'>et</span> <span class='ocrx_word' id='word_1_115' title='bbox 1031 2793 1145 2844; x_wconf 82' lang='lat' dir='ltr'>nomine.</span> <span class='ocrx_word' id='word_1_116' title='bbox 1162 2793 1219 2844; x_wconf 83' lang='lat' dir='ltr'>Nos</span> <span class='ocrx_word' id='word_1_117' title='bbox 1233 2805 1322 2844; x_wconf 80' lang='lat' dir='ltr'>autem</span> 
     </span>
    </p>

    <p class='ocr_par' dir='ltr' id='par_1_9' title="bbox 278 2867 1406 3969">
     <span class='ocr_line' id='line_1_19' title="bbox 317 2867 1324 2942; baseline 0.001 -22"><span class='ocrx_word' id='word_1_118' title='bbox 317 2886 337 2920; x_wconf 86' lang='lat'>1.</span> <span class='ocrx_word' id='word_1_119' title='bbox 368 2869 458 2921; x_wconf 85' lang='lat' dir='ltr'>Bruto.</span> <span class='ocrx_word' id='word_1_120' title='bbox 488 2871 700 2942; x_wconf 74' lang='lat' dir='ltr'>Cognomentum</span> <span class='ocrx_word' id='word_1_121' title='bbox 726 2869 779 2923; x_wconf 84' lang='lat' dir='ltr'>hoc</span> <span class='ocrx_word' id='word_1_122' title='bbox 821 2891 881 2924; x_wconf 85' lang='lat' dir='ltr'>cum</span> <span class='ocrx_word' id='word_1_123' title='bbox 893 2871 992 2923; x_wconf 84' lang='lat' dir='ltr'>Graevio</span> <span class='ocrx_word' id='word_1_124' title='bbox 1010 2889 1042 2922; x_wconf 83' lang='lat' dir='ltr'>ex</span> <span class='ocrx_word' id='word_1_125' title='bbox 1054 2884 1143 2922; x_wconf 84' lang='lat' dir='ltr'>vetere</span> <span class='ocrx_word' id='word_1_126' title='bbox 1159 2868 1251 2922; x_wconf 84' lang='lat' dir='ltr'>codiee</span> <span class='ocrx_word' id='word_1_127' title='bbox 1264 2867 1324 2922; x_wconf 82' lang='lat' dir='ltr'>vnl-</span> 
     </span>
     <span class='ocr_line' id='line_1_20' title="bbox 279 2947 1324 3023; baseline 0.003 -26"><span class='ocrx_word' id='word_1_128' title='bbox 279 2949 355 3000; x_wconf 80' lang='lat' dir='ltr'>traxit</span> <span class='ocrx_word' id='word_1_129' title='bbox 375 2965 390 2998; x_wconf 89' lang='lat' dir='ltr'>a</span> <span class='ocrx_word' id='word_1_130' title='bbox 411 2947 532 3001; x_wconf 85' lang='lat' dir='ltr'>simulata</span> <span class='ocrx_word' id='word_1_131' title='bbox 554 2949 681 3014; x_wconf 78' lang='lat' dir='ltr'>attrltitia,</span> <span class='ocrx_word' id='word_1_132' title='bbox 699 2967 780 3020; x_wconf 85' lang='lat' dir='ltr'>quum</span> <span class='ocrx_word' id='word_1_133' title='bbox 819 2948 1324 3023; x_wconf 73' lang='lat' dir='ltr'>getamlectionemrestituendamcen·</span> 
     </span>
     <span class='ocr_line' id='line_1_21' title="bbox 279 3026 1361 3099; baseline -0.001 -21"><span class='ocrx_word' id='word_1_134' title='bbox 279 3029 781 3082; x_wconf 69' lang='lat' dir='ltr'>verumeinomenhtuuioeseee-</span> <span class='ocrx_word' id='word_1_135' title='bbox 821 3031 929 3084; x_wconf 84' lang='lat' dir='ltr'>suimus.</span> <span class='ocrx_word' id='word_1_136' title='bbox 946 3031 1144 3082; x_wconf 84' lang='lat' dir='ltr'>Dereautem:</span> <span class='ocrx_word' id='word_1_137' title='bbox 1161 3026 1326 3099; x_wconf 73' lang='lat' dir='ltr'>ulluefaut</span> <span class='ocrx_word' id='word_1_138' title='bbox 1357 3051 1361 3060; x_wconf 91' lang='lat'>·</span> 
     </span>
     <span class='ocr_line' id='line_1_22' title="bbox 278 3104 1326 3181; baseline -0.002 -25"><span class='ocrx_word' id='word_1_139' title='bbox 278 3135 313 3144; x_wconf 88' lang='lat'>—-</span> <span class='ocrx_word' id='word_1_140' title='bbox 325 3104 467 3159; x_wconf 80' lang='lat' dir='ltr'>Collatino.</span> <span class='ocrx_word' id='word_1_141' title='bbox 481 3109 580 3178; x_wconf 75' lang='lat' dir='ltr'>Egerii,</span> <span class='ocrx_word' id='word_1_142' title='bbox 591 3110 636 3179; x_wconf 86' lang='lat' dir='ltr'>qui</span> <span class='ocrx_word' id='word_1_143' title='bbox 645 3108 781 3178; x_wconf 85' lang='lat' dir='ltr'>Tarquinii</span> <span class='ocrx_word' id='word_1_144' title='bbox 819 3127 867 3179; x_wconf 80' lang='lat' dir='ltr'>pas</span> <span class='ocrx_word' id='word_1_145' title='bbox 885 3107 967 3160; x_wconf 82' lang='lat' dir='ltr'>croire</span> <span class='ocrx_word' id='word_1_146' title='bbox 986 3126 1036 3181; x_wconf 78' lang='lat' dir='ltr'>que</span> <span class='ocrx_word' id='word_1_147' title='bbox 1054 3105 1264 3160; x_wconf 68' lang='lat' dir='ltr'>l&#39;ltablissemeut</span> <span class='ocrx_word' id='word_1_148' title='bbox 1283 3104 1326 3155; x_wconf 81' lang='lat' dir='ltr'>des</span> 
     </span>
     <span class='ocr_line' id='line_1_23' title="bbox 280 3177 1326 3256; baseline -0.003 -23"><span class='ocrx_word' id='word_1_149' title='bbox 280 3186 358 3235; x_wconf 83' lang='lat' dir='ltr'>Prisci</span> <span class='ocrx_word' id='word_1_150' title='bbox 371 3185 458 3236; x_wconf 76' lang='lat' dir='ltr'>fratris</span> <span class='ocrx_word' id='word_1_151' title='bbox 468 3185 536 3238; x_wconf 87' lang='lat' dir='ltr'>filius</span> <span class='ocrx_word' id='word_1_152' title='bbox 547 3199 616 3252; x_wconf 84' lang='lat' dir='ltr'>erat,</span> <span class='ocrx_word' id='word_1_153' title='bbox 627 3187 708 3238; x_wconf 84' lang='lat' dir='ltr'>filium</span> <span class='ocrx_word' id='word_1_154' title='bbox 717 3187 782 3238; x_wconf 78' lang='lat' dir='ltr'>Facit</span> <span class='ocrx_word' id='word_1_155' title='bbox 821 3184 1037 3256; x_wconf 69' lang='lat' dir='ltr'>consubstitutae</span> <span class='ocrx_word' id='word_1_156' title='bbox 1048 3185 1104 3236; x_wconf 66' lang='lat' dir='ltr'>ideo</span> <span class='ocrx_word' id='word_1_157' title='bbox 1112 3181 1231 3237; x_wconf 80' lang='lat' dir='ltr'>nouvelle</span> <span class='ocrx_word' id='word_1_158' title='bbox 1237 3199 1285 3252; x_wconf 84' lang='lat' dir='ltr'>que</span> <span class='ocrx_word' id='word_1_159' title='bbox 1287 3177 1326 3252; x_wconf 83' lang='lat' dir='ltr'>fit</span> 
     </span>
     <span class='ocr_line' id='line_1_24' title="bbox 279 3257 1324 3335; baseline -0.006 -21"><span class='ocrx_word' id='word_1_160' title='bbox 279 3265 334 3314; x_wconf 87' lang='lat' dir='ltr'>Liv.</span> <span class='ocrx_word' id='word_1_161' title='bbox 349 3265 377 3328; x_wconf 89' lang='lat'>1,</span> <span class='ocrx_word' id='word_1_162' title='bbox 393 3262 441 3331; x_wconf 86' lang='lat'>57;</span> <span class='ocrx_word' id='word_1_163' title='bbox 455 3275 580 3334; x_wconf 86' lang='lat' dir='ltr'>nepotem</span> <span class='ocrx_word' id='word_1_164' title='bbox 596 3264 674 3316; x_wconf 89' lang='lat' dir='ltr'>Dion.</span> <span class='ocrx_word' id='word_1_165' title='bbox 689 3262 780 3335; x_wconf 73' lang='lat' dir='ltr'>Halyn.</span> <span class='ocrx_word' id='word_1_166' title='bbox 823 3263 906 3316; x_wconf 75' lang='lat' dir='ltr'>naitre</span> <span class='ocrx_word' id='word_1_167' title='bbox 926 3265 1087 3332; x_wconf 54' lang='lat' dir='ltr'>touta-conpr</span> <span class='ocrx_word' id='word_1_168' title='bbox 1107 3261 1135 3314; x_wconf 80' lang='lat' dir='ltr'>lo</span> <span class='ocrx_word' id='word_1_169' title='bbox 1155 3260 1274 3313; x_wconf 66' lang='lat' dir='ltr'>necessat</span> <span class='ocrx_word' id='word_1_170' title='bbox 1289 3257 1324 3310; x_wconf 82' lang='lat' dir='ltr'>dn</span> 
     </span>
     <span class='ocr_line' id='line_1_25' title="bbox 280 3336 1326 3417; baseline -0.006 -24"><span class='ocrx_word' id='word_1_171' title='bbox 280 3345 324 3406; x_wconf 85' lang='lat' dir='ltr'>lv,</span> <span class='ocrx_word' id='word_1_172' title='bbox 333 3343 490 3410; x_wconf 83' lang='lat' dir='ltr'>57.-Bonu</span> <span class='ocrx_word' id='word_1_173' title='bbox 497 3343 595 3415; x_wconf 79' lang='lat' dir='ltr'>diripit,</span> <span class='ocrx_word' id='word_1_174' title='bbox 602 3362 695 3417; x_wconf 72' lang='lat' dir='ltr'>aprum</span> <span class='ocrx_word' id='word_1_175' title='bbox 701 3342 783 3396; x_wconf 78' lang='lat' dir='ltr'>Marti</span> <span class='ocrx_word' id='word_1_176' title='bbox 821 3355 945 3396; x_wconf 76' lang='lat' dir='ltr'>mommt.</span> <span class='ocrx_word' id='word_1_177' title='bbox 958 3343 995 3393; x_wconf 75' lang='lat' dir='ltr'>Le</span> <span class='ocrx_word' id='word_1_178' title='bbox 1007 3341 1079 3394; x_wconf 60' lang='lat' dir='ltr'>senat</span> <span class='ocrx_word' id='word_1_179' title='bbox 1090 3338 1182 3390; x_wconf 83' lang='lat' dir='ltr'>l&#39;ovait</span> <span class='ocrx_word' id='word_1_180' title='bbox 1192 3357 1238 3388; x_wconf 86' lang='lat' dir='ltr'>eue</span> <span class='ocrx_word' id='word_1_181' title='bbox 1249 3336 1326 3412; x_wconf 69' lang='lat' dir='ltr'>lonq-</span> 
     </span>
     <span class='ocr_line' id='line_1_26' title="bbox 280 3415 1328 3494; baseline -0.003 -24"><span class='ocrx_word' id='word_1_182' title='bbox 280 3437 325 3470; x_wconf 84' lang='lat' dir='ltr'>suo</span> <span class='ocrx_word' id='word_1_183' title='bbox 346 3429 483 3470; x_wconf 81' lang='lat' dir='ltr'>consecrat.</span> <span class='ocrx_word' id='word_1_184' title='bbox 503 3421 613 3487; x_wconf 69' lang='lat' dir='ltr'>notun,</span> <span class='ocrx_word' id='word_1_185' title='bbox 634 3422 724 3473; x_wconf 70' lang='lat' dir='ltr'>Traitl</span> <span class='ocrx_word' id='word_1_186' title='bbox 740 3421 783 3474; x_wconf 80' lang='lat' dir='ltr'>des</span> <span class='ocrx_word' id='word_1_187' title='bbox 822 3431 1088 3494; x_wconf 79' lang='lat' dir='ltr'>tempsauparavant,</span> <span class='ocrx_word' id='word_1_188' title='bbox 1099 3431 1124 3471; x_wconf 85' lang='lat' dir='ltr'>et</span> <span class='ocrx_word' id='word_1_189' title='bbox 1133 3419 1203 3469; x_wconf 82' lang='lat' dir='ltr'>avait</span> <span class='ocrx_word' id='word_1_190' title='bbox 1213 3415 1289 3468; x_wconf 67' lang='lat' dir='ltr'>teielte</span> <span class='ocrx_word' id='word_1_191' title='bbox 1296 3417 1328 3468; x_wconf 79' lang='lat' dir='ltr'>de</span> 
     </span>
     <span class='ocr_line' id='line_1_27' title="bbox 281 3483 1327 3573; baseline -0.001 -25"><span class='ocrx_word' id='word_1_192' title='bbox 281 3483 392 3561; x_wconf 63' lang='lat' dir='ltr'>taret,</span> <span class='ocrx_word' id='word_1_193' title='bbox 404 3499 455 3550; x_wconf 72' lang='lat' dir='ltr'>vor.</span> <span class='ocrx_word' id='word_1_194' title='bbox 466 3499 524 3567; x_wconf 90' lang='lat'>111,</span> <span class='ocrx_word' id='word_1_195' title='bbox 534 3511 603 3571; x_wconf 68' lang='lat' dir='ltr'>part.</span> <span class='ocrx_word' id='word_1_196' title='bbox 614 3502 645 3554; x_wconf 79' lang='lat'>3:</span> <span class='ocrx_word' id='word_1_197' title='bbox 659 3499 783 3552; x_wconf 59' lang='lat' dir='ltr'>aaut</span> <span class='ocrx_word' id='word_1_198' title='bbox 824 3501 850 3554; x_wconf 79' lang='lat' dir='ltr'>u</span> <span class='ocrx_word' id='word_1_199' title='bbox 863 3501 935 3573; x_wconf 67' lang='lat' dir='ltr'>fatre</span> <span class='ocrx_word' id='word_1_200' title='bbox 950 3500 1059 3570; x_wconf 68' lang='lat' dir='ltr'>aropm</span> <span class='ocrx_word' id='word_1_201' title='bbox 1075 3501 1148 3572; x_wconf 66' lang='lat' dir='ltr'>apra</span> <span class='ocrx_word' id='word_1_202' title='bbox 1166 3495 1327 3570; x_wconf 53' lang='lat' dir='ltr'>ramae</span> 
     </span>
     <span class='ocr_line' id='line_1_28' title="bbox 280 3574 1328 3657; baseline -0.002 -30"><span class='ocrx_word' id='word_1_203' title='bbox 280 3575 389 3649; x_wconf 84' lang='lat' dir='ltr'>peuple,</span> <span class='ocrx_word' id='word_1_204' title='bbox 406 3577 453 3647; x_wconf 81' lang='lat' dir='ltr'>qui</span> <span class='ocrx_word' id='word_1_205' title='bbox 462 3579 534 3630; x_wconf 83' lang='lat' dir='ltr'>avait</span> <span class='ocrx_word' id='word_1_206' title='bbox 543 3581 597 3650; x_wconf 66' lang='lat' dir='ltr'>pris</span> <span class='ocrx_word' id='word_1_207' title='bbox 607 3591 669 3651; x_wconf 83' lang='lat' dir='ltr'>part</span> <span class='ocrx_word' id='word_1_208' title='bbox 681 3598 716 3630; x_wconf 86' lang='lat' dir='ltr'>au</span> <span class='ocrx_word' id='word_1_209' title='bbox 728 3576 784 3651; x_wconf 82' lang='lat' dir='ltr'>pit·</span> <span class='ocrx_word' id='word_1_210' title='bbox 823 3581 872 3657; x_wconf 78' lang='lat' dir='ltr'>qni</span> <span class='ocrx_word' id='word_1_211' title='bbox 883 3581 960 3633; x_wconf 79' lang='lat' dir='ltr'>suioit</span> <span class='ocrx_word' id='word_1_212' title='bbox 974 3580 1001 3631; x_wconf 84' lang='lat' dir='ltr'>la</span> <span class='ocrx_word' id='word_1_213' title='bbox 1014 3590 1085 3630; x_wconf 80' lang='lat' dir='ltr'>mort</span> <span class='ocrx_word' id='word_1_214' title='bbox 1096 3577 1128 3629; x_wconf 84' lang='lat' dir='ltr'>de</span> <span class='ocrx_word' id='word_1_215' title='bbox 1144 3576 1289 3630; x_wconf 82' lang='lat' dir='ltr'>Romulus:</span> <span class='ocrx_word' id='word_1_216' title='bbox 1307 3574 1328 3626; x_wconf 77' lang='lat' dir='ltr'>it</span> 
     </span>
     <span class='ocr_line' id='line_1_29' title="bbox 283 3653 1406 3730; baseline -0.001 -24"><span class='ocrx_word' id='word_1_217' title='bbox 283 3653 786 3730; x_wconf 73' lang='lat' dir='ltr'>lapedesbiensduroi‚compritqu&#39;il</span> <span class='ocrx_word' id='word_1_218' title='bbox 824 3661 896 3712; x_wconf 83' lang='lat' dir='ltr'>avait</span> <span class='ocrx_word' id='word_1_219' title='bbox 910 3661 1039 3710; x_wconf 68' lang='lat' dir='ltr'>memeen</span> <span class='ocrx_word' id='word_1_220' title='bbox 1057 3655 1172 3710; x_wconf 65' lang='lat' dir='ltr'>taurese</span> <span class='ocrx_word' id='word_1_221' title='bbox 1186 3655 1219 3706; x_wconf 83' lang='lat' dir='ltr'>de</span> <span class='ocrx_word' id='word_1_222' title='bbox 1235 3653 1328 3724; x_wconf 71' lang='lat' dir='ltr'>lamp·</span> <span class='ocrx_word' id='word_1_223' title='bbox 1401 3691 1406 3700; x_wconf 86' lang='lat'><em>.</em></span> 
     </span>
     <span class='ocr_line' id='line_1_30' title="bbox 282 3729 1326 3810; baseline -0.007 -24"><span class='ocrx_word' id='word_1_224' title='bbox 282 3753 316 3786; x_wconf 85' lang='lat' dir='ltr'>ne</span> <span class='ocrx_word' id='word_1_225' title='bbox 332 3737 443 3808; x_wconf 83' lang='lat' dir='ltr'>pouvait</span> <span class='ocrx_word' id='word_1_226' title='bbox 460 3746 562 3788; x_wconf 80' lang='lat' dir='ltr'>trouver</span> <span class='ocrx_word' id='word_1_227' title='bbox 573 3736 721 3808; x_wconf 73' lang='lat' dir='ltr'>l&#39;impunite</span> <span class='ocrx_word' id='word_1_228' title='bbox 734 3755 785 3808; x_wconf 81' lang='lat' dir='ltr'>que</span> <span class='ocrx_word' id='word_1_229' title='bbox 823 3739 897 3810; x_wconf 67' lang='lat' dir='ltr'>perer</span> <span class='ocrx_word' id='word_1_230' title='bbox 915 3739 932 3790; x_wconf 80' lang='grc' dir='ltr'>ὰ</span> <span class='ocrx_word' id='word_1_231' title='bbox 951 3737 1069 3802; x_wconf 80' lang='lat' dir='ltr'>Servius,</span> <span class='ocrx_word' id='word_1_232' title='bbox 1088 3737 1136 3810; x_wconf 77' lang='lat' dir='ltr'>qui</span> <span class='ocrx_word' id='word_1_233' title='bbox 1153 3737 1226 3804; x_wconf 67' lang='lat' dir='ltr'>apres</span> <span class='ocrx_word' id='word_1_234' title='bbox 1245 3729 1326 3794; x_wconf 80' lang='lat' dir='ltr'>avoir,</span> 
     </span>
     <span class='ocr_line' id='line_1_31' title="bbox 283 3809 1329 3892; baseline -0.004 -26"><span class='ocrx_word' id='word_1_235' title='bbox 283 3811 785 3892; x_wconf 62' lang='lat' dir='ltr'>domunertsbtanceinflexible.»Mar-</span> <span class='ocrx_word' id='word_1_236' title='bbox 823 3813 1065 3890; x_wconf 79' lang='lat' dir='ltr'>parsesloissurles</span> <span class='ocrx_word' id='word_1_237' title='bbox 1073 3809 1329 3878; x_wconf 51' lang='lat' dir='ltr'>assemoteemduir</span> 
     </span>
     <span class='ocr_line' id='line_1_32' title="bbox 284 3890 1329 3969; baseline 0.005 -28"><span class='ocrx_word' id='word_1_238' title='bbox 284 3905 336 3944; x_wconf 85' lang='lat' dir='ltr'>tem</span> <span class='ocrx_word' id='word_1_239' title='bbox 349 3911 410 3944; x_wconf 87' lang='lat' dir='ltr'>rero</span> <span class='ocrx_word' id='word_1_240' title='bbox 423 3913 498 3946; x_wconf 83' lang='lat' dir='ltr'>suum</span> <span class='ocrx_word' id='word_1_241' title='bbox 509 3911 587 3948; x_wconf 80' lang='lat' dir='ltr'>vocat</span> <span class='ocrx_word' id='word_1_242' title='bbox 601 3895 718 3968; x_wconf 85' lang='lat' dir='ltr'>populus</span> <span class='ocrx_word' id='word_1_243' title='bbox 730 3897 785 3946; x_wconf 86' lang='lat' dir='ltr'>Ro·</span> <span class='ocrx_word' id='word_1_244' title='bbox 825 3897 923 3969; x_wconf 80' lang='lat' dir='ltr'>defait</span> <span class='ocrx_word' id='word_1_245' title='bbox 937 3896 961 3949; x_wconf 81' lang='lat' dir='ltr'>le</span> <span class='ocrx_word' id='word_1_246' title='bbox 973 3897 1085 3968; x_wconf 84' lang='lat' dir='ltr'>pouvoir</span> <span class='ocrx_word' id='word_1_247' title='bbox 1095 3895 1131 3946; x_wconf 81' lang='lat' dir='ltr'>du</span> <span class='ocrx_word' id='word_1_248' title='bbox 1139 3890 1251 3965; x_wconf 73' lang='lat' dir='ltr'>purple,</span> <span class='ocrx_word' id='word_1_249' title='bbox 1265 3909 1329 3944; x_wconf 77' lang='lat' dir='ltr'>vou-</span> 
     </span>
    </p>

    <p class='ocr_par' dir='ltr' id='par_1_10' title="bbox 224 3968 1329 4204">
     <span class='ocr_line' id='line_1_33' title="bbox 224 3968 1329 4046; baseline 0.001 -24"><span class='ocrx_word' id='word_1_250' title='bbox 224 3977 227 3986; x_wconf 91' lang='lat'>&#39;</span> <span class='ocrx_word' id='word_1_251' title='bbox 284 3973 787 4043; x_wconf 80' lang='lat' dir='ltr'>manus,quiaRomulum,Urbiscon·</span> <span class='ocrx_word' id='word_1_252' title='bbox 826 3975 877 4028; x_wconf 77' lang='lat' dir='ltr'>tait</span> <span class='ocrx_word' id='word_1_253' title='bbox 898 3974 1031 4046; x_wconf 76' lang='lat' dir='ltr'>abdiqner,</span> <span class='ocrx_word' id='word_1_254' title='bbox 1055 3985 1080 4024; x_wconf 84' lang='lat' dir='ltr'>et</span> <span class='ocrx_word' id='word_1_255' title='bbox 1102 3968 1194 4023; x_wconf 79' lang='lat' dir='ltr'>e‘tablir</span> <span class='ocrx_word' id='word_1_256' title='bbox 1216 3987 1268 4020; x_wconf 77' lang='lat' dir='ltr'>une</span> <span class='ocrx_word' id='word_1_257' title='bbox 1291 3969 1329 4017; x_wconf 68' lang='grc' dir='ltr'>τό·</span> 
     </span>
     <span class='ocr_line' id='line_1_34' title="bbox 283 4047 1329 4126; baseline -0.006 -24"><span class='ocrx_word' id='word_1_258' title='bbox 283 4047 412 4116; x_wconf 85' lang='lat' dir='ltr'>ditorem,</span> <span class='ocrx_word' id='word_1_259' title='bbox 432 4055 553 4121; x_wconf 72' lang='lat' dir='ltr'>genuisse</span> <span class='ocrx_word' id='word_1_260' title='bbox 575 4052 732 4104; x_wconf 83' lang='lat' dir='ltr'>habebatur.</span> <span class='ocrx_word' id='word_1_261' title='bbox 751 4080 786 4092; x_wconf 88' lang='lat'>-</span> <span class='ocrx_word' id='word_1_262' title='bbox 824 4053 950 4126; x_wconf 78' lang='lat' dir='ltr'>publique</span> <span class='ocrx_word' id='word_1_263' title='bbox 964 4071 1027 4103; x_wconf 84' lang='lat' dir='ltr'>avec</span> <span class='ocrx_word' id='word_1_264' title='bbox 1041 4051 1109 4103; x_wconf 76' lang='lat' dir='ltr'>deux</span> <span class='ocrx_word' id='word_1_265' title='bbox 1122 4048 1266 4122; x_wconf 69' lang='lat' dir='ltr'>maqistmts</span> <span class='ocrx_word' id='word_1_266' title='bbox 1282 4064 1329 4096; x_wconf 83' lang='lat' dir='ltr'>an-</span> 
     </span>
     <span class='ocr_line' id='line_1_35' title="bbox 283 4121 1329 4204; baseline -0.003 -23"><span class='ocrx_word' id='word_1_267' title='bbox 283 4129 388 4181; x_wconf 81' lang='lat' dir='ltr'>Mutoto</span> <span class='ocrx_word' id='word_1_268' title='bbox 400 4143 484 4182; x_wconf 79' lang='lat' dir='ltr'>tumru</span> <span class='ocrx_word' id='word_1_269' title='bbox 496 4135 601 4186; x_wconf 74' lang='lat' dir='ltr'>nomine</span> <span class='ocrx_word' id='word_1_270' title='bbox 610 4146 634 4188; x_wconf 82' lang='lat' dir='ltr'>rt</span> <span class='ocrx_word' id='word_1_271' title='bbox 638 4136 707 4204; x_wconf 82' lang='lat' dir='ltr'>jure.</span> <span class='ocrx_word' id='word_1_272' title='bbox 718 4131 785 4183; x_wconf 83' lang='lat' dir='ltr'>Etlit.</span> <span class='ocrx_word' id='word_1_273' title='bbox 828 4129 907 4182; x_wconf 81' lang='lat' dir='ltr'>ntrels.</span> <span class='ocrx_word' id='word_1_274' title='bbox 919 4153 930 4176; x_wconf 68' lang='lat' dir='ltr'>a</span> <span class='ocrx_word' id='word_1_275' title='bbox 951 4131 1088 4192; x_wconf 64' lang='lat' dir='ltr'>Purattu,</span> <span class='ocrx_word' id='word_1_276' title='bbox 1109 4127 1197 4198; x_wconf 64' lang='lat' dir='ltr'>Exprit</span> <span class='ocrx_word' id='word_1_277' title='bbox 1215 4123 1245 4174; x_wconf 77' lang='lat' dir='ltr'>de</span> <span class='ocrx_word' id='word_1_278' title='bbox 1261 4121 1329 4174; x_wconf 83' lang='lat' dir='ltr'>l&#39;lu&#39;s-</span> 
     </span>
    </p>
   </div>
   <div class='ocr_carea' id='block_1_8' title="bbox 0 0 1578 4950">
    <p class='ocr_par' dir='ltr' id='par_1_11' title="bbox 0 0 1578 4950">
     <span class='ocr_line' id='line_1_36' title="bbox 0 0 1578 4950; baseline 0 0"><span class='ocrx_word' id='word_1_279' title='bbox 0 0 1578 4950; x_wconf 95' lang='lat' dir='ltr'> </span> 
     </span>
    </p>
   </div>
  </div>
 </body>
</html>
