3108 4956
319 521 383 587 330
646 520 683 586 L.
707 521 869 584 ANNAEI
892 521 918 583 F
923 519 1039 585 LORI

266 657 296 708 ⁵¹
367 647 452 718 Haee
470 672 537 744 per
553 647 757 735 Antistium,
777 645 961 735 Fusnium,
985 647 1197 745 Agrippam,
1216 645 1366 746 legatos,

267 785 300 836 52
317 761 508 838 hibernans
519 766 557 834 in
568 763 778 834 Tarraconis
790 765 976 834 maritimis
990 763 1106 834 Cesar
1122 767 1270 863 accepit.
1289 767 1368 864 lpse

318 903 470 978 praesens
497 875 562 949 hos
591 875 738 949 deduxit
765 875 966 965 montibus,
997 873 1063 950 hos
1089 875 1271 951 obsidibus
1303 878 1368 952 ad-

268 1015 301 1068 53
318 997 471 1082 strinxit,
484 992 549 1065 hos
566 992 631 1065 sub
649 1017 782 1064 corona
794 993 874 1090 jure
891 990 975 1064 belli
992 991 1235 1065 venumdedit.
1253 996 1368 1093 Digna

318 1136 374 1182 res
386 1109 505 1200 lauro,
518 1109 626 1209 digna
642 1135 749 1181 curru
766 1112 902 1180 senatui
916 1111 990 1182 visa
1005 1123 1074 1180 est:
1094 1109 1158 1181 sed
1166 1109 1368 1208 jamCaesar

269 1245 303 1314 st
318 1244 435 1300 tantus
452 1245 547 1316 erat,
562 1245 602 1299 ut
618 1243 737 1327 posset
753 1223 954 1324 triumphos
969 1242 1209 1298 contemnere.
1225 1229 1367 1300 Astures

318 1371 385 1442 per
401 1343 497 1417 idem
513 1360 652 1442 tempus
666 1346 799 1442 ingenti
817 1345 956 1440 agmine
972 1367 992 1414 a
1005 1341 1186 1415 montibus
1203 1347 1272 1415 suis
1286 1340 1366 1416 des-

320 1458 524 1532 cenderant.
551 1462 625 1532 Neo
648 1476 782 1531 temere
806 1473 955 1548 sumtus,
978 1475 1020 1530 ut
1038 1457 1217 1547 barbaris,
1237 1462 1364 1558 impes:

320 1575 399 1665 sed,
413 1579 537 1673 positis
550 1577 670 1647 castris
685 1571 782 1672 apud
793 1576 959 1645 Asturam
973 1573 1123 1662 flumen,
1136 1572 1311 1646 trifariam
1322 1573 1368 1645 di·

321 1691 396 1760 viso
408 1693 565 1786 agmine,
578 1692 645 1760 tria
654 1684 758 1760 simul
768 1690 1014 1762 Romanorum
1028 1703 1142 1760 castra
1157 1687 1301 1787 aggredi
1309 1712 1368 1786 pa·

269 1827 304 1881 55
323 1804 459 1878 rabant.
472 1806 606 1878 Fuisset
619 1821 654 1878 et
668 1830 816 1903 anceps,
832 1821 867 1877 et
881 1821 1087 1895 cruentum,
1102 1821 1137 1877 et
1148 1810 1285 1878 utinam
1294 1831 1368 1878 mu·

321 1937 382 1993 tua
399 1919 500 1993 clade
513 1921 710 1994 certamen!
724 1925 860 1993 cunctis
874 1938 949 1993 tam
961 1920 1132 2010 fortibus,
1147 1938 1221 1994 tam
1237 1921 1368 2011 subito,

323 2051 395 2110 t'am
409 2063 490 2110 cum
508 2035 656 2110 consilio
669 2035 912 2128 venientibus,
922 2041 988 2109 nisi
998 2040 1186 2136 Trigaecini
1198 2036 1370 2136 prodidis-

270 2171 305 2224 56
323 2170 418 2227 sent:
435 2181 456 2227 a
472 2155 601 2257 quibus
616 2160 845 2256 praemonitus
859 2157 1031 2246 Carisius,
1048 2183 1131 2229 oum
1145 2162 1302 2230 exercitu
1315 2153 1371 2229 ad·
1400 2165 1405 2172 '

322 2273 465 2342 veniens
484 2278 661 2370 oppressit
676 2270 838 2345 consilia:
858 2276 907 2344 sic
926 2297 1071 2371 quoque
1091 2287 1211 2344 tamen
1226 2298 1300 2344 uon
1315 2276 1371 2342 in·

323 2402 470 2460 cruento
483 2392 688 2460 certamine.
702 2386 881 2488 Reliquias
894 2385 963 2460 fusi
975 2392 1148 2462 exercitus
1160 2385 1373 2460 validissima

271 2509 304 2580 ⁵7
324 2503 445 2572 civitas
469 2505 601 2575 Lancia
624 2508 781 2603 excepit:
811 2503 874 2576 ubi
900 2502 990 2576 adeo
1017 2519 1190 2578 certatum
1216 2517 1287 2591 est,
1313 2518 1373 2592 ut,

314 2642 434 2715 ,quum
451 2621 647 2718 inceptam
666 2620 793 2693 urbem
815 2619 911 2694 faces
927 2637 1172 2719 poscerentur,
1189 2644 1280 2717 aegre
1301 2613 1374 2688 dux

271 2749 305 2805 58
323 2733 523 2831 impetrarit
536 2739 695 2828 veniam,
714 2770 728 2800 ιι
742 2753 782 2809 ut
793 2741 952 2810 victoriae
963 2740 1133 2810 Romanae
1149 2752 1242 2809 stans
1255 2737 1373 2834 potius

287 2859 290 2866 '
328 2883 343 2912 ι
356 2867 463 2954 esset,
481 2879 590 2952 quarn
606 2859 766 2946 incensa,
784 2871 1068 2928 monumentum.
1089 2890 1103 2920 ιι

272 2975 306 3047 ⁵9
372 2969 440 3039 Hic
452 2968 532 3041 finis
540 2972 697 3068 Augusto
711 2968 922 3043 bellicorum
935 2975 1172 3042 certaminum
1182 2967 1267 3041 fuit:
1278 2965 1374 3039 idem

323 3079 520 3157 rebellandi
538 3085 617 3158 finis
630 3090 824 3186 Hispaniae.
841 3088 949 3159 Certa
966 3111 1051 3158 mox
1068 3084 1177 3176 fides,
1196 3074 1233 3156 et'
1246 3097 1383 3154 aeterna·

323 3223 409 3295 pax3
423 3225 535 3298 quum
546 3206 707 3300 ipsorum
720 3207 861 3302 ingenio
873 3206 910 3273 in
924 3205 1023 3300 pacis
1035 3217 1153 3299 partes
1164 3202 1373 3298 promtiore,

323 3331 401 3386 tum
418 3315 564 3388 consilio
580 3319 744 3407 Caesaris,
765 3322 828 3418 qui
843 3315 1014 3389 fiduciam
1034 3319 1211 3390 montium
1228 3319 1374 3402 timens,

324 3434 361 3500 in
378 3457 466 3529 quos
486 3460 524 3506 se
541 3434 779 3533 recipiebant,
798 3449 912 3507 castra
927 3460 1007 3522 sua,
1025 3430 1088 3506 sed
1108 3458 1188 3533 quae
1209 3435 1246 3502 iu
1266 3427 1374 3528 plano

273 3569 310 3621 60
325 3561 442 3638 erant,
457 3544 619 3622 habitare
634 3565 669 3622 et
685 3549 841 3623 incolere
852 3549 966 3649 jussit.
981 3550 1136 3647 Ingentis
1148 3571 1223 3620 esse
1240 3541 1389 3656 consilii

361 3709 403 3760 5¹·
433 3707 585 3782 Aarfppam.
612 3715 649 3765 M.
673 3714 828 3785 Vipsanium
869 3721 966 3762 umen.
981 3691 1159 3761 Etielioiores
1174 3707 1317 3759 notoriam
1329 3701 1376 3754 ha·

325 3807 405 3860 quem
421 3789 471 3841 sibi
484 3809 570 3862 prope
588 3792 695 3846 modum
710 3810 829 3866 aequare-
869 3789 933 3842 bere
945 3793 1139 3861 potuissemus,
1152 3789 1174 3840 si
1186 3800 1277 3838 mutua
1288 3781 1376 3836 clades

325 3881 366 3919 rat
383 3867 477 3921 Caesar.
497 3871 545 3922 Hic
563 3870 662 3925 bellum
680 3886 773 3925 contra
789 3891 830 3925 re·
870 3869 977 3933 fuisset,
997 3883 1023 3922 et
1041 3887 1117 3942 equo
1136 3867 1221 3919 Marte
1240 3861 1376 3915 discedere

326 3945 408 4000 betto
421 3949 568 4004 Cantabros
579 3955 670 4024 gessit.
871 3948 964 4002 datum
978 3951 1083 4004 fuisset,

365 4028 831 4102 Sidmpes.Nonusiorissimedict
908 4033 950 4102 57,
972 4033 1080 4086 Lancia,
1103 4029 1236 4102 Hispania·
1260 4024 1323 4078 urb.
1349 4025 1376 4074 in

327 4122 371 4161 tur
380 4127 429 4181 pro
440 4111 564 4184 impetras
574 4112 672 4166 idcirco
681 4111 831 4184 legivoiunt
871 4115 984 4165 Asturia.

327 4189 830 4327 ‘'''tttttttttttt‘ttt¹..
907 4193 950 4327 {31
964 4191 1169 4346 iiiiii?
1180 4188 1379 4321 23:533...
