3156 4950
546 418 689 520 arnan
712 417 936 484 ruamus.
1201 424 1262 503 241

221 548 362 618 interim
378 541 425 616 ad
444 545 630 617 Orientem
652 567 758 642 grave
778 540 904 615 vulnus
921 566 943 614 a
957 539 1094 615 Parthis
1110 540 1264 642 populus

222 663 401 732 Romanus
425 663 573 758 accepit.
598 660 672 730 Nec
695 656 741 730 de
762 655 906 730 fortuna
929 661 1030 757 queri
1051 683 1262 756 possumus:
1281 688 1297 726 ι

223 791 320 848 caret
330 773 454 848 solatio
471 772 599 847 clades.
615 771 778 845 Adversis
792 788 829 846 et
844 771 909 845 diis
922 787 957 844 et
969 769 1191 865 hominibus,
1207 799 1266 847 cu·

223 889 353 990 piditas
378 885 530 962 consulis
555 890 690 976 Crassi,
716 886 803 959 dum
827 883 993 959 Parthico
1018 887 1132 962 inhiat
1155 913 1265 979 auro,

222 1003 390 1077 undecim
406 1018 521 1102 strage
531 1000 729 1102 legionum,
744 1016 779 1072 et
792 1003 900 1100 ipsius
912 1004 1029 1100 capite
1043 1000 1190 1076 multata
1202 1018 1265 1076 est.

223 1122 269 1192 Et
285 1116 447 1192 tribunus
465 1114 579 1216 plebis
597 1113 759 1188 Metellus
776 1130 962 1186 exeuntem
983 1113 1112 1187 ducem
1129 1112 1269 1188 hostili-
1287 1127 1304 1179 3

225 1232 292 1308 bus
307 1234 394 1309 diris
410 1233 618 1307 devoverat:
637 1247 673 1304 et
687 1256 797 1332 quum
811 1231 967 1330 Zeugma
982 1235 1161 1337 transisset
1174 1256 1270 1304 exer·

226 1353 334 1440 citus,
351 1362 455 1446 rapta
468 1345 590 1418 subitis
601 1347 700 1443 signa
714 1342 914 1416 turbinibus
927 1342 1043 1416 hausit
1056 1341 1270 1441 Euphratem

227 1482 264 1539 et
277 1489 386 1564 quum
400 1462 497 1563 apud
512 1458 769 1561 Nicephorium
783 1476 895 1532 castra
911 1464 1101 1559 posuisset,
1115 1464 1211 1533 missi
1225 1461 1271 1534 ab
1289 1475 1308 1544 4

228 1577 353 1652 Orode
374 1603 456 1677 rege
477 1576 585 1676 legati
606 1575 873 1666 denuntiavere,
895 1603 1171 1675 “percussorum
1189 1603 1270 1650 cum

229 1695 401 1791 Pompeio
427 1690 605 1764 foederum
627 1689 793 1791 Syllaque
816 1694 1069 1763 meminisset„
1095 1693 1200 1790 Regis
1222 1694 1308 1767 in·5

230 1809 331 1884 hians
345 1806 404 1881 ille
417 1806 603 1912 thesauris,
617 1806 722 1898 nihil,
736 1833 783 1880 ne
798 1810 1006 1908 imaginario
1021 1807 1166 1906 quidem
1176 1808 1274 1905 jure,

231 1923 295 1997 sed
313 1921 508 1996 «Seleuciae
529 1948 566 1996 se
586 1947 838 2022 responsurum
855 1947 947 2012 esse,
961 1955 975 1986 ιι
995 1920 1189 2020 respondit.
1207 1923 1277 1994 Ita·
1292 1943 1311 1998 6

233 2065 302 2138 qne
318 2036 367 2109 dii
380 2034 559 2110 foederum
573 2034 724 2127 ultores,
738 2061 805 2109 nec
819 2033 968 2126 insidiis,
982 2061 1049 2107 nec
1062 2038 1184 2107 virtuti
1197 2034 1277 2108 hos·

233 2159 324 2226 tium
338 2151 537 2226 defuerunt.
555 2154 636 2226 Jam
652 2155 828 2251 primum,
846 2153 908 2250 qui
923 2147 1017 2222 solus
1034 2165 1069 2221 ct
1082 2149 1277 2224 subvehere
1294 2191 1310 2246 7

234 2307 313 2360 Anno
319 2303 399 2358 Urbis
406 2321 473 2375 700,
483 2317 544 2358 ante
551 2303 683 2358 Christum
693 2323 737 2357 na·
775 2304 803 2356 in
815 2304 931 2356 exercitu
943 2315 1043 2374 septem
1056 2301 1191 2374 legiones,
1206 2305 1280 2378 equi·

236 2399 292 2438 tum
305 2385 353 2453 54,
371 2403 439 2438 coss.
455 2385 484 2438 L.
497 2387 614 2438 Domitio
628 2383 738 2437 Aheno·
778 2397 834 2437 tum
849 2396 965 2456 quatuor
977 2383 1032 2435 fere
1045 2383 1142 2451 millia,
1155 2384 1280 2438 totidem·

217 2462 220 2470 ’
234 2465 337 2533 barbo,
351 2477 377 2518 et
391 2465 478 2537 Appio
490 2463 602 2517 Claudio
613 2461 737 2516 Pulchro.
779 2462 904 2536 qualevis
914 2464 1178 2536 armaturaequibus
1187 2467 1281 2536 viginti

235 2543 275 2596 De
289 2539 423 2594 bochello
436 2541 554 2594 scribunt
568 2542 624 2595 fere
636 2535 736 2595 omnes.
777 2541 860 2596 millia
879 2561 965 2610 ctera,
986 2542 1078 2596 decem
1100 2543 1181 2597 millia
1202 2559 1282 2617 capta

236 2621 306 2694 Epir.
315 2623 369 2674 Liv.
381 2621 451 2686 cvt;
463 2623 600 2695 Appianas
609 2622 662 2675 late
671 2622 738 2675 libro
779 2636 849 2676 aunt.
869 2624 907 2676 lta
926 2621 1060 2674 Plutarch.
1079 2623 1108 2674 iu
1123 2623 1236 2691 Crasso,
1254 2635 1281 2674 et

237 2702 339 2763 Parth.;
350 2700 480 2754 Plutarch.
490 2703 517 2752 in
526 2703 738 2764 Oreum-lustin.
779 2702 918 2774 Appianas
929 2703 956 2753 in
968 2699 1057 2753 Parth.
1075 2702 1178 2754 Durae.

236 2780 324 2847 xut,
335 2780 368 2847 4,
381 2780 414 2846 4;
426 2781 536 2852 Eutrop.
549 2782 600 2846 vt,
615 2779 649 2845 6;
661 2783 740 2834 Oros.
817 2781 842 2833 3.
861 2781 938 2833 Din'r.
950 2781 1045 2832 Furiis.
1055 2809 1092 2820 -
1102 2780 1228 2854 Zeugma.
1239 2780 1283 2854 Sy·

239 2858 291 2924 Vl,
305 2857 336 2908 13
344 2880 351 2920 ;
360 2857 448 2910 Valer.
457 2860 527 2910 Max.
538 2859 567 2924 1,
579 2859 611 2922 6,
627 2873 671 2920 ιη
683 2872 742 2910 tan·
780 2860 823 2912 rie
835 2859 870 2911 ad
880 2857 1043 2930 Euphratem
1056 2858 1192 2930 oppidum.

240 2937 279 3006 git
288 2939 366 2988 etiam
376 2935 473 2988 Plinius
483 2939 523 3002 ll,
534 2937 564 3003 5,
573 2935 603 3002 6,
614 2950 641 2989 et
648 2940 681 3002 V,
693 2937 741 3005 ah,
815 2938 841 3005 4
863 2937 1062 3008 Nicephorium.
1083 2939 1283 3009 Mesopotamiae

241 3016 275 3077 6;
295 3015 418 3066 Lucanus
437 3017 552 3087 passim3
572 3017 741 3085 Propertius,
781 3016 893 3082 urbem,
911 3015 945 3066 ad
965 3013 1126 3087 Euphratem
1144 3019 1229 3070 sitam.
1248 3047 1284 3060 -

242 3096 286 3160 lv,
297 3097 328 3158 li,
340 3093 388 3147 832
402 3111 459 3165 quse
471 3091 531 3144 loca
540 3091 620 3145 debes
630 3093 743 3146 Camerti
785 3096 876 3148 Orode.
887 3093 990 3147 Orodes
998 3095 1128 3148 Artabani
1138 3095 1207 3149 filius
1217 3110 1283 3150 erat.
1349 3147 1352 3156 ,

241 3188 268 3226 et
280 3171 470 3226 Freinshemio.
819 3172 844 3226 5.
852 3172 893 3224 Ne
902 3173 1058 3245 imaginario
1067 3174 1244 3248 quiderrrjure.
1253 3174 1285 3228 ld

279 3271 304 3306 2.
322 3252 440 3306 Adversis
450 3262 475 3302 et
485 3246 535 3302 diis
545 3261 571 3302 et
584 3249 742 3315 hominibus,
783 3265 832 3318 est,
837 3270 871 3304 ne
876 3251 982 3323 qnidam
988 3251 1068 3304 ullam
1073 3254 1285 3325 jurisimaginem

243 3333 370 3405 cupiditas
388 3331 499 3386 consulis
518 3331 614 3396 Crassi,
636 3342 687 3382 etc.
705 3331 744 3382 lta
783 3343 829 3382 aut
840 3331 954 3402 speeiem
967 3345 1119 3404 praetegens.
1137 3334 1180 3387 Sic
1196 3334 1284 3386 Anto·
1375 3346 1385 3362 ²

242 3411 342 3464 Seneca
363 3411 462 3478 Queat.
482 3410 543 3462 Nat.
560 3412 598 3460 V:
621 3407 743 3461 «Parthis
784 3410 1052 3478 niusinfralV,ro,2:
1064 3414 1284 3484 uNequecanssa,

247 3515 259 3537 ι
269 3491 375 3542 avaritia
385 3489 508 3541 Crassum
517 3487 590 3540 dabit
600 3509 606 3539 :
617 3506 672 3540 non
682 3485 745 3541 hor-
786 3508 893 3561 cneque
905 3488 1033 3558 consilio,
1044 3509 1075 3544 ac
1086 3511 1120 3545 ne
1129 3494 1285 3564 imaginaria

248 3569 337 3621 «rabit
360 3569 506 3620 revocantis
530 3567 599 3621 diras
625 3567 744 3633 tribuni,
786 3570 870 3623 ubelli
883 3568 1041 3638 indictione,
1060 3575 1087 3625 in
1107 3573 1216 3626 Parthos
1234 3577 1284 3626 im·

248 3669 324 3703 anon
343 3659 511 3720 tempestates
529 3647 673 3720 longissimi
689 3666 745 3700 ma·
788 3649 977 3720 spetumfaait.
987 3671 998 3696 ι
1008 3678 1045 3689 -
1055 3650 1188 3704 Seleucia.
1198 3652 1285 3724 Oppi·
1299 3651 1301 3658 '

249 3733 320 3796 sris,
331 3747 386 3780 non
398 3729 467 3778 circa
476 3724 637 3798 Euphratem
650 3745 745 3796 praesa·
784 3728 848 3780 dum
861 3730 887 3779 iu
900 3728 1017 3796 Parthis,
1032 3729 1078 3781 ubi
1095 3749 1122 3783 se
1135 3729 1284 3802 Euphrates

250 3828 304 3880 «ga
322 3807 432 3861 fulmina
446 3819 480 3858 et
497 3805 563 3857 deos
581 3807 745 3868 resistentes;
786 3825 846 3858 cum
857 3805 963 3877 Tigride
973 3811 1120 3878 conjungit.

250 3905 373 3960 sperque
381 3885 517 3937 hominum
525 3882 688 3954 deorumque
696 3886 747 3935 iras
822 3905 846 3959 7.
865 3889 1057 3958 dampnatum,
1074 3902 1123 3942 etc.
1141 3891 1239 3964 Supple
1254 3910 1286 3946 ex

252 3966 309 4019 aad
322 3985 417 4020 aurum
427 3965 517 4017 ibitur.
529 3985 585 4011 ι-
595 3963 748 4015 Undecim...
788 3965 932 4039 praecedd.‚
946 3980 972 4018 et
982 3981 1012 4019 ut
1023 3983 1150 4040 appareat
1159 3987 1287 4043 quantum

251 4040 751 4118 lapionum.Valdeaugetclademexer·
789 4045 825 4098 dii
837 4043 968 4098 adhierint
981 4049 1069 4099 virtuti
1080 4048 1212 4118 hostiurn,
1227 4057 1287 4106 insi-

250 4126 318 4178 citus
329 4125 450 4178 Romani.
461 4125 529 4176 Nam
541 4121 648 4174 Crassus
658 4119 751 4172 habuit
789 4125 902 4199 diisque,
919 4140 945 4179 et
959 4140 1074 4180 mentem
1089 4131 1201 4186 Romani
1213 4132 1286 4185 ducis

1130 4219 1162 4272 16
