3026 4956
661 526 798 590 Lucu
822 525 1029 590 AMPELII

761 998 929 1076 XXIV.

371 1265 508 1356 QUOT
525 1263 774 1337 ILLUSTRES
794 1263 1030 1338 SCIPIONES
1048 1265 1134 1357 QUI
1151 1264 1334 1338 MAGNIS

435 1380 582 1456 REBUS
601 1379 761 1453 GESTIS
780 1380 1118 1452 COGNOMINATI
1136 1379 1266 1453 SUNT.

379 1639 498 1737 Scipio
514 1662 662 1738 magnus
678 1617 881 1729 Africanus,
897 1641 959 1738 qui
974 1643 1059 1711 vicit
1072 1634 1295 1710 Annibalem.
1312 1637 1388 1708 Sci-

331 1757 393 1852 pio
412 1756 531 1825 minor
544 1757 795 1846 Numantinus,
812 1759 874 1854 qui
887 1755 1132 1843 Numantiam,
1148 1769 1184 1826 et
1199 1750 1389 1850 Carthagi·

333 1893 417 1941 nem
434 1867 553 1940 diruit.
574 1871 693 1968 Scipio
710 1871 899 1962 Asiaticus,
919 1874 981 1971 qui
1000 1869 1045 1943 de
1060 1866 1238 1942 Antiocho
1251 1873 1389 1940 trium-

333 1981 469 2082 phavit
492 1984 611 2082 Scipio
634 1987 777 2076 Nasica,
803 1990 865 2084 qui
886 2012 907 2058 a
928 1986 1059 2057 Senam
1080 1987 1136 2057 vir
1156 1988 1311 2082 optimus
1332 2001 1388 2054 est

330 2098 519 2198 judicatus.
536 2101 673 2199 Scipio,
688 2105 750 2201 qui
765 2104 883 2175 occiso
898 2104 1070 2198 Pompeio
1084 2115 1203 2198 partes
1215 2100 1386 2182 restituit,

338 2233 373 2290 et
388 2222 500 2291 victus
515 2245 553 2292 se
568 2217 756 2294 interfecit.

346 2491 1391 2522 mmmmmmmmmmmwvnmwwvwwwmmmm

792 2703 932 2779 XXV.

585 2971 950 3045 SECESSIONES
975 2971 1174 3042 PLEBIS.

395 3215 617 3292 Secessiones
645 3219 760 3320 plebis
801 3217 1027 3320 'apartibus
1056 3216 1200 3292 fuerunt
1232 3227 1392 3313 quatuor.

347 3331 467 3402 Prima
495 3338 643 3406 secessio
673 3352 824 3435 propter
849 3338 1099 3434 impotentiam
1123 3330 1394 3414 foeneratorum,

349 3469 462 3545 quum
470 3460 482 3489 ²
491 3451 527 3518 in
538 3465 698 3522 montem
705 3449 806 3549 plebs
814 3466 950 3526 anneta
958 3453 1109 3522 secessit.
1122 3444 1396 3544 Secundaprop·

350 3557 1397 3665 terimpotentiamDecemvirtim,quuminterfectafiliasua

351 3680 531 3778 Virginius
550 3683 708 3779 Appium
731 3697 766 3753 et
788 3697 901 3754 totam
922 3681 995 3780 ejus
1013 3679 1208 3752 factionem
1228 3681 1265 3748 in
1285 3675 1398 3746 Aven-

351 3795 426 3866 tino
437 3809 560 3867 monte
570 3799 819 3886 circumvenit,
830 3795 1023 3893 effecitque
1033 3809 1088 3883 ut,
1102 3789 1270 3864 abdicato
1280 3788 1399 3882 magis

353 3923 460 3998 tratu,
469 3914 748 4012 accusati,atque
756 3909 927 4002 damnati,
935 3902 1399 4006 variissuppliciispuniren·

391 4091 451 4143 Cae.
465 4094 597 4146 XXV.-
614 4115 636 4150 1.
654 4096 680 4150 A
693 4099 816 4171 partibus.
836 4098 862 4150 A
900 4115 1012 4151 mamm.
1038 4095 1137 4146 Totum
1163 4087 1228 4142 illud
1256 4097 1339 4157 capnt
1361 4083 1402 4134 de·

356 4171 484 4224 Patribus.
498 4175 575 4227 Perit.
589 4189 616 4228 et
627 4179 717 4230 Heins.

394 4268 417 4304 a.
434 4252 466 4305 In
478 4265 602 4306 montem.
616 4255 791 4309 Videtnrexei
811 4256 862 4308 iste
903 4272 957 4307 aro
989 4269 1028 4317 ,a
1058 4269 1086 4304 ae
1127 4285 1133 4298 -
