3108 4956
518 448 661 512 Lmrn
684 445 1004 511 uruonrams.
1219 444 1282 523 scs

241 579 414 648 stitissent.
428 575 584 673 Suntqui
597 571 717 644 dicant
728 569 920 642 Herculem
933 586 968 642 et
978 568 1173 659 Theseum,
1185 567 1283 668 quod
1405 633 1406 636 ,

240 689 366 762 similia
385 687 481 762 atbla
497 693 566 762 sint
585 687 717 786 adepti.
737 727 787 742 -·
802 687 955 772 Cancer,
976 684 1145 756 Carcinus
1163 707 1284 782 recep·

239 820 294 877 tus
307 803 482 876 beneficio
493 804 660 892 lunonis,
672 799 771 901 quod
782 799 856 898 ejus
863 797 978 897 jussu,
991 823 1101 898 quum
1112 796 1285 870 Hercules

238 923 360 992 missus
371 935 459 992 esset
469 917 515 992 ad
524 914 688 1016 Hydram
697 919 1014 1013 Lemaeam,qnam
1023 941 1088 986 nos
1096 915 1283 986 Excetrem

239 1031 403 1123 dicimus,
418 1031 716 1120 interficiendam,
732 1031 901 1104 Carcinus
914 1034 1104 1128 ingressus,
1121 1028 1285 1102 Herculis

237 1147 347 1245 pedes
359 1163 395 1220 et
406 1173 511 1220 crura
521 1146 672 1236 lanians,
686 1143 1008 1218 incommodiorem
1018 1143 1173 1216 faciebat
1184 1169 1283 1233 etun,

238 1287 345 1360 quam
365 1266 443 1360 ipsa
460 1264 620 1334 Excetra.
637 1260 750 1360 quue
770 1259 905 1334 melum
924 1258 1096 1332 Hercules
1112 1257 1283 1330 difficilli-

236 1403 338 1450 mum
357 1375 500 1468 habuit,
524 1379 786 1476 Carcinnmque
808 1379 988 1450 Cancrum
1012 1374 1060 1448 ob
1085 1372 1124 1447 id
1148 1373 1284 1446 factum

238 1495 333 1564 Juno
347 1491 524 1564 sideribus
535 1509 588 1566 est
599 1491 752 1592 difflata.
768 1533 816 1560 v·-
827 1493 931 1580 Leo³,
950 1492 1067 1581 Leon,
1080 1492 1143 1591 qni
1155 1489 1284 1562 educa·

238 1623 293 1678 tus
307 1623 359 1679 est
372 1609 532 1698 Nemeae,
545 1609 693 1679 Junonis
707 1604 854 1680 consilio
866 1605 913 1678 ad
925 1603 1088 1680 Herculis
1101 1608 1283 1677 interitum

237 1727 376 1812 missus,
397 1727 434 1794 in
456 1739 550 1796 terre
566 1723 696 1822 Argiva
718 1721 779 1796 diu
801 1719 969 1820 spelunca
987 1720 1155 1812 latitavit,
1175 1744 1283 1820 quem

237 1836 407 1910 Hercules
432 1838 562 1912 dicitur
582 1835 798 1912 interfecisse
823 1861 905 1910 cum
928 1834 1118 1910 Molorcho
1141 1833 1284 1934 bospite

235 1981 315 2043 sno,
332 1954 429 2053 cujus
443 1954 578 2028 clavam
593 1959 626 2027 ei
641 1953 814 2028 tributam
826 1970 904 2028 tum
917 1958 1094 2053 principio
1109 1968 1162 2025 est
1174 1951 1282 2051 adep-

235 2085 306 2158 tus,
319 2095 389 2170 qua
402 2072 561 2144 Leonem
573 2069 766 2161 interfecit,
779 2071 923 2170 ejusque
934 2067 1064 2168 pellem
1078 2083 1203 2166 postea
1213 2092 1281 2164 pro

234 2199 439 2283 tegumento
465 2184 600 2260 babuit.
627 2185 687 2258 Ob
714 2184 753 2259 id
779 2184 914 2258 factum
939 2186 1072 2256 lunoni
1097 2181 1182 2256 odio
1207 2205 1282 2255 esse

235 2304 362 2398 coepit,
378 2303 607 2402 Leonemque
624 2300 750 2374 caelesti
763 2300 932 2400 dignitate
946 2299 1020 2372 lest
1033 2297 1219 2370 honorata.
1232 2334 1282 2352 ⁶-

234 2417 363 2514 Virgo,
380 2441 489 2516 qoam
503 2443 569 2492 nos
577 2417 750 2516 justitiam
763 2414 931 2505 dicimus,
946 2414 1014 2488 fuit
1030 2439 1112 2487 cum
1125 2412 1283 2486 homini-

232 2529 309 2606 bus.
341 2532 412 2606 Sed
438 2549 629 2633 postquam
652 2531 814 2610 homines
839 2530 1049 2605 malefacere
1077 2547 1279 2629 coeperunt,

232 2647 329 2722 lovis
345 2674 424 2720 eam
438 2651 642 2750 intersigna
655 2651 783 2748 posuit.
799 2650 887 2722 Sunt
898 2653 960 2748 qui
972 2651 1164 2747 Erigonem
1177 2648 1281 2718 Icarii

232 2760 343 2836 filiam
361 2763 612 2838 Atheniensem
629 2765 770 2854 dicunt,
794 2765 894 2862 cnjus
914 2768 1008 2862 patri
1027 2761 1137 2836 Liber
1156 2766 1280 2836 vinum

233 2875 349 2966 dedit,
359 2894 400 2952 ut
414 2879 618 2953 hominibus
634 2879 703 2952 ⁵ad
716 2883 926 2952 suavitatem
939 2879 1050 2952 daret.
1064 2876 1203 2970 Quibus
1216 2878 1282 2950 de-

232 2989 300 3083 dit,
318 2991 443 3067 ebriati
459 3012 556 3084 sunt,
572 3011 610 3068 et
623 2993 801 3094 lapidibus
819 3018 901 3066 eum
917 2993 1136 3067 occiderunt.
1153 2994 1279 3084 Canis,

233 3110 294 3204 qui
315 3132 397 3178 cnm
416 3106 478 3180 illo
499 3123 593 3198 erat,
615 3105 705 3180 vidit
719 3105 925 3180 mammem
944 3110 1118 3198 occisum,
1140 3123 1176 3180 et
1196 3133 1279 3181 nrm

231 3218 368 3294 ululatu
383 3221 430 3296 ad
448 3225 640 3322 Erigonem
655 3221 777 3313 rediit,
795 3247 903 3322 quem
919 3239 959 3296 ut
971 3237 1138 3300 moesmm
1151 3241 1188 3296 et
1204 3227 1280 3296 sin-

232 3334 1004 3436 gularemvidit,sollicitaproficisciturcnm
1015 3341 1220 3414 eo.Venere
1232 3339 1279 3412 ad

267 3605 293 3658 3.
322 3605 388 3671 lto,
413 3607 492 3661 ban.
520 3610 572 3662 Leo
595 3608 734 3664 Glevum
776 3607 931 3662 Sdmesinm
953 3607 988 3662 ed
1007 3607 1128 3663 aalma
1147 3625 1208 3683 pafl-
1233 3611 1278 3666 38.

230 3681 313 3738 taem.
331 3686 372 3740 ste
388 3687 489 3740 Auctor
506 3687 618 3761 mosot
634 3689 739 3744 reside
810 3689 835 3743 5.
853 3689 898 3742 Ad
912 3689 1078 3744 mwitotetn.
1097 3689 1209 3744 Videtur
1229 3689 1280 3742 de-

232 3761 384 3818 tdOEnsn.
394 3767 428 3832 V,
438 3766 487 3832 463
499 3767 599 3822 Lucan.
609 3772 654 3834 lv,
667 3771 732 3832 6123
774 3771 902 3840 seriptum
919 3788 950 3821 ex
968 3771 1072 3841 Hygino
1091 3769 1155 3822 Fab.
1174 3770 1279 3825 CXXI.

231 3839 326 3894 Claud.
354 3859 380 3911 t,
401 3843 428 3895 in
447 3845 534 3897 llulin.
558 3849 607 3917 287
632 3861 660 3899 et
679 3847 732 3900 sti.
773 3847 827 3900 Ubi
838 3847 905 3900 nihil
915 3847 1131 3902 mutundomsst.

230 3921 292 3974 vid.
300 3921 389 3976 berth.
403 3921 438 3976 ad
449 3923 589 3979 Claudius.
601 3937 627 3978 et
636 3926 732 3980 Cellar.
808 3927 835 3980 ts
854 3927 1005 3980 Hostium.
1024 3927 1170 3982 Dominam
1187 3929 1279 3984 llsins.

229 3998 506 4070 Geogr.Ant.ll,r3.
775 4007 870 4078 Hygin.
896 4007 968 4057 Post.
996 4009 1148 4062 sermm.
1174 4009 1217 4077 11,Ι
1241 4009 1283 4076 4ε·

264 4079 290 4148 4.
308 4082 358 4134 Est
371 4081 507 4138 bonomo
525 4083 577 4134 Pro
590 4083 735 4140 bonoravit.
779 4084 924 4152 «Ululans,
936 4099 966 4138 ut
977 4087 1110 4142 videretur
1122 4089 1223 4144 obitum
1234 4089 1279 4142 do-

229 4157 308 4211 Plnrs
324 4157 478 4230 hujusmodi
490 4161 578 4216 videre
591 4162 653 4218 licet
663 4163 738 4236 apud
779 4166 865 4218 «nini
879 4164 1046 4238 lacrymari.-
