<?xml version="1.0" encoding="UTF-8"?>
<!DOCTYPE html PUBLIC "-//W3C//DTD XHTML 1.0 Transitional//EN"
    "http://www.w3.org/TR/xhtml1/DTD/xhtml1-transitional.dtd">
<html xmlns="http://www.w3.org/1999/xhtml" xml:lang="en" lang="en">
 <head>
  <title>
</title>
<meta http-equiv="Content-Type" content="text/html;charset=utf-8" />
  <meta name='ocr-system' content='tesseract 3.04.00' />
  <meta name='ocr-capabilities' content='ocr_page ocr_carea ocr_par ocr_line ocrx_word'/>
</head>
<body>
  <div class='ocr_page' id='page_1' title='image "./luciiannaeiflor00lemagoog_0378.png"; bbox 0 0 3026 4956; ppageno 0'>
   <div class='ocr_carea' id='block_1_1' title="bbox 154 559 1218 3548">
    <p class='ocr_par' dir='ltr' id='par_1_1' title="bbox 154 559 1218 3548">
     <span class='ocr_line' id='line_1_1' title="bbox 434 559 1200 652; baseline 0.007 -28"><span class='ocrx_word' id='word_1_1' title='bbox 434 559 580 628; x_wconf 81' lang='lat' dir='ltr'><strong>arana</strong></span> <span class='ocrx_word' id='word_1_2' title='bbox 601 559 926 628; x_wconf 74' lang='lat' dir='ltr'><strong>Mauortius.</strong></span> <span class='ocrx_word' id='word_1_3' title='bbox 1139 561 1200 652; x_wconf 80' lang='lat'><strong>³⁶7</strong></span> 
     </span>
     <span class='ocr_line' id='line_1_2' title="bbox 154 670 1204 786; baseline -0.001 -26"><span class='ocrx_word' id='word_1_4' title='bbox 154 686 325 760; x_wconf 82' lang='lat' dir='ltr'><strong>libertatis</strong></span> <span class='ocrx_word' id='word_1_5' title='bbox 342 681 463 758; x_wconf 89' lang='lat' dir='ltr'><strong>dando</strong></span> <span class='ocrx_word' id='word_1_6' title='bbox 480 681 656 784; x_wconf 90' lang='lat' dir='ltr'><strong>populum</strong></span> <span class='ocrx_word' id='word_1_7' title='bbox 666 670 860 782; x_wconf 87' lang='lat' dir='ltr'><strong>ampliavit.</strong></span> <span class='ocrx_word' id='word_1_8' title='bbox 874 683 1026 758; x_wconf 90' lang='lat' dir='ltr'><strong>Manlius</strong></span> <span class='ocrx_word' id='word_1_9' title='bbox 1039 679 1204 786; x_wconf 77' lang='lat' dir='ltr'><strong>Torqua-</strong></span> 
     </span>
     <span class='ocr_line' id='line_1_3' title="bbox 154 796 1204 902; baseline -0.002 -26"><span class='ocrx_word' id='word_1_10' title='bbox 154 804 297 902; x_wconf 88' lang='lat' dir='ltr'><strong>tus,qui</strong></span> <span class='ocrx_word' id='word_1_11' title='bbox 307 799 353 877; x_wconf 86' lang='lat' dir='ltr'><strong>ad</strong></span> <span class='ocrx_word' id='word_1_12' title='bbox 361 797 645 875; x_wconf 89' lang='lat' dir='ltr'><strong>confirmandam</strong></span> <span class='ocrx_word' id='word_1_13' title='bbox 654 815 851 872; x_wconf 84' lang='lat' dir='ltr'><strong>castrorum</strong></span> <span class='ocrx_word' id='word_1_14' title='bbox 862 796 1083 899; x_wconf 78' lang='lat' dir='ltr'><strong>disciplinam</strong></span> <span class='ocrx_word' id='word_1_15' title='bbox 1091 801 1204 876; x_wconf 87' lang='lat' dir='ltr'><strong>filium</strong></span> 
     </span>
     <span class='ocr_line' id='line_1_4' title="bbox 155 915 1205 1006; baseline 0 -16"><span class='ocrx_word' id='word_1_16' title='bbox 155 943 259 991; x_wconf 89' lang='lat' dir='ltr'><strong>suum</strong></span> <span class='ocrx_word' id='word_1_17' title='bbox 279 915 467 991; x_wconf 83' lang='lat' dir='ltr'><strong>interfecit.</strong></span> <span class='ocrx_word' id='word_1_18' title='bbox 492 917 658 1006; x_wconf 84' lang='lat' dir='ltr'><strong>Quintius</strong></span> <span class='ocrx_word' id='word_1_19' title='bbox 674 917 921 1005; x_wconf 80' lang='lat' dir='ltr'><strong>Cincinnatus,</strong></span> <span class='ocrx_word' id='word_1_20' title='bbox 945 915 1058 988; x_wconf 69' lang='lat' dir='ltr'><strong>tidem</strong></span> <span class='ocrx_word' id='word_1_21' title='bbox 1082 919 1205 990; x_wconf 86' lang='lat' dir='ltr'><strong>Serra-</strong></span> 
     </span>
     <span class='ocr_line' id='line_1_5' title="bbox 154 1028 1207 1134; baseline -0.003 -24"><span class='ocrx_word' id='word_1_22' title='bbox 154 1062 237 1125; x_wconf 89' lang='lat' dir='ltr'><strong>nus,</strong></span> <span class='ocrx_word' id='word_1_23' title='bbox 253 1037 311 1110; x_wconf 87' lang='lat' dir='ltr'><strong>cui</strong></span> <span class='ocrx_word' id='word_1_24' title='bbox 323 1037 436 1108; x_wconf 87' lang='lat' dir='ltr'><strong>aranti</strong></span> <span class='ocrx_word' id='word_1_25' title='bbox 451 1031 628 1106; x_wconf 77' lang='lat' dir='ltr'><strong>dictatura</strong></span> <span class='ocrx_word' id='word_1_26' title='bbox 644 1028 761 1104; x_wconf 87' lang='lat' dir='ltr'><strong>delata</strong></span> <span class='ocrx_word' id='word_1_27' title='bbox 775 1047 837 1104; x_wconf 89' lang='lat' dir='ltr'><strong>est.</strong></span> <span class='ocrx_word' id='word_1_28' title='bbox 849 1030 1035 1126; x_wconf 82' lang='lat' dir='ltr'><strong>Camillus,</strong></span> <span class='ocrx_word' id='word_1_29' title='bbox 1049 1039 1126 1134; x_wconf 90' lang='lat' dir='ltr'><strong>qui,</strong></span> <span class='ocrx_word' id='word_1_30' title='bbox 1144 1036 1207 1108; x_wconf 90' lang='lat' dir='ltr'><strong>Se-</strong></span> 
     </span>
     <span class='ocr_line' id='line_1_6' title="bbox 155 1145 1207 1250; baseline -0.002 -26"><span class='ocrx_word' id='word_1_31' title='bbox 155 1176 290 1224; x_wconf 90' lang='lat' dir='ltr'><strong>nonum</strong></span> <span class='ocrx_word' id='word_1_32' title='bbox 304 1165 409 1250; x_wconf 74' lang='lat' dir='ltr'><strong>gcnte</strong></span> <span class='ocrx_word' id='word_1_33' title='bbox 421 1146 539 1220; x_wconf 87' lang='lat' dir='ltr'><strong>deleta</strong></span> <span class='ocrx_word' id='word_1_34' title='bbox 548 1145 750 1235; x_wconf 87' lang='lat' dir='ltr'><strong>Gallorum,</strong></span> <span class='ocrx_word' id='word_1_35' title='bbox 764 1150 945 1220; x_wconf 85' lang='lat' dir='ltr'><strong>incensam</strong></span> <span class='ocrx_word' id='word_1_36' title='bbox 956 1145 1002 1218; x_wconf 90' lang='lat' dir='ltr'><strong>ab</strong></span> <span class='ocrx_word' id='word_1_37' title='bbox 1017 1152 1066 1220; x_wconf 91' lang='lat' dir='ltr'><strong>eis</strong></span> <span class='ocrx_word' id='word_1_38' title='bbox 1078 1149 1207 1222; x_wconf 88' lang='lat' dir='ltr'><strong>arbem</strong></span> 
     </span>
     <span class='ocr_line' id='line_1_7' title="bbox 157 1257 1208 1361; baseline -0.004 -21"><span class='ocrx_word' id='word_1_39' title='bbox 157 1269 319 1340; x_wconf 85' lang='lat' dir='ltr'><strong>restituit.</strong></span> <span class='ocrx_word' id='word_1_40' title='bbox 333 1261 436 1338; x_wconf 93' lang='lat' dir='ltr'><strong>Fabii</strong></span> <span class='ocrx_word' id='word_1_41' title='bbox 444 1261 535 1334; x_wconf 89' lang='lat' dir='ltr'><strong>duo:</strong></span> <span class='ocrx_word' id='word_1_42' title='bbox 549 1257 884 1361; x_wconf 79' lang='lat' dir='ltr'><strong>quorumalternna</strong></span> <span class='ocrx_word' id='word_1_43' title='bbox 895 1285 1015 1361; x_wconf 74' lang='lat' dir='ltr'><strong>pugna</strong></span> <span class='ocrx_word' id='word_1_44' title='bbox 1025 1260 1208 1356; x_wconf 86' lang='lat' dir='ltr'><strong>Etruscos,</strong></span> 
     </span>
     <span class='ocr_line' id='line_1_8' title="bbox 155 1371 1210 1476; baseline 0.001 -24"><span class='ocrx_word' id='word_1_45' title='bbox 155 1381 351 1469; x_wconf 85' lang='lat' dir='ltr'><strong>Samnitas,</strong></span> <span class='ocrx_word' id='word_1_46' title='bbox 374 1377 550 1466; x_wconf 90' lang='lat' dir='ltr'><strong>Umbros,</strong></span> <span class='ocrx_word' id='word_1_47' title='bbox 573 1375 768 1476; x_wconf 76' lang='lat' dir='ltr'><strong>Gallosque</strong></span> <span class='ocrx_word' id='word_1_48' title='bbox 788 1375 943 1476; x_wconf 74' lang='lat' dir='ltr'><strong>subegit,</strong></span> <span class='ocrx_word' id='word_1_49' title='bbox 965 1371 1165 1453; x_wconf 78' lang='lat' dir='ltr'><strong>Libertinos</strong></span> <span class='ocrx_word' id='word_1_50' title='bbox 1189 1406 1210 1452; x_wconf 88' lang='lat' dir='ltr'><strong>e</strong></span> 
     </span>
     <span class='ocr_line' id='line_1_9' title="bbox 157 1485 1207 1593; baseline -0.005 -25"><span class='ocrx_word' id='word_1_51' title='bbox 157 1485 322 1568; x_wconf 85' lang='lat' dir='ltr'><strong>tribubus</strong></span> <span class='ocrx_word' id='word_1_52' title='bbox 335 1496 556 1593; x_wconf 73' lang='lat' dir='ltr'><strong>repurgavit,</strong></span> <span class='ocrx_word' id='word_1_53' title='bbox 568 1491 722 1590; x_wconf 89' lang='lat' dir='ltr'><strong>ideoque</strong></span> <span class='ocrx_word' id='word_1_54' title='bbox 736 1492 912 1564; x_wconf 81' lang='lat' dir='ltr'><strong>Maximus</strong></span> <span class='ocrx_word' id='word_1_55' title='bbox 922 1497 1207 1591; x_wconf 76' lang='lat' dir='ltr'><strong>cognominatus:</strong></span> 
     </span>
     <span class='ocr_line' id='line_1_10' title="bbox 159 1604 1210 1706; baseline -0.003 -23"><span class='ocrx_word' id='word_1_56' title='bbox 159 1609 250 1683; x_wconf 87' lang='lat' dir='ltr'><strong>alter</strong></span> <span class='ocrx_word' id='word_1_57' title='bbox 269 1608 398 1682; x_wconf 86' lang='lat' dir='ltr'><strong>Fabius</strong></span> <span class='ocrx_word' id='word_1_58' title='bbox 416 1604 630 1682; x_wconf 80' lang='lat' dir='ltr'><strong>Annibalem</strong></span> <span class='ocrx_word' id='word_1_59' title='bbox 645 1631 749 1680; x_wconf 88' lang='lat' dir='ltr'><strong>mora</strong></span> <span class='ocrx_word' id='word_1_60' title='bbox 759 1605 880 1705; x_wconf 72' lang='lat' dir='ltr'><strong>fregit,</strong></span> <span class='ocrx_word' id='word_1_61' title='bbox 899 1634 941 1679; x_wconf 87' lang='lat' dir='ltr'><strong>ex</strong></span> <span class='ocrx_word' id='word_1_62' title='bbox 960 1633 1034 1706; x_wconf 80' lang='lat' dir='ltr'><strong>cpio</strong></span> <span class='ocrx_word' id='word_1_63' title='bbox 1055 1611 1210 1682; x_wconf 89' lang='lat' dir='ltr'><strong>Cuncta-</strong></span> 
     </span>
     <span class='ocr_line' id='line_1_11' title="bbox 159 1717 1210 1824; baseline -0.001 -29"><span class='ocrx_word' id='word_1_64' title='bbox 159 1740 219 1796; x_wconf 86' lang='lat' dir='ltr'><strong>tor</strong></span> <span class='ocrx_word' id='word_1_65' title='bbox 232 1739 284 1796; x_wconf 87' lang='lat' dir='ltr'><strong>est</strong></span> <span class='ocrx_word' id='word_1_66' title='bbox 299 1727 580 1824; x_wconf 73' lang='lat' dir='ltr'><strong>cognominatus·</strong></span> <span class='ocrx_word' id='word_1_67' title='bbox 597 1725 757 1820; x_wconf 87' lang='lat' dir='ltr'><strong>Papirius</strong></span> <span class='ocrx_word' id='word_1_68' title='bbox 776 1722 925 1809; x_wconf 82' lang='lat' dir='ltr'><strong>Cursor3</strong></span> <span class='ocrx_word' id='word_1_69' title='bbox 943 1718 1002 1793; x_wconf 93' lang='lat' dir='ltr'><strong>hic</strong></span> <span class='ocrx_word' id='word_1_70' title='bbox 1019 1717 1210 1811; x_wconf 80' lang='lat' dir='ltr'><strong>Samnites,</strong></span> 
     </span>
     <span class='ocr_line' id='line_1_12' title="bbox 160 1835 1210 1938; baseline -0.002 -28"><span class='ocrx_word' id='word_1_71' title='bbox 160 1842 223 1936; x_wconf 92' lang='lat' dir='ltr'><strong>qui</strong></span> <span class='ocrx_word' id='word_1_72' title='bbox 246 1842 426 1913; x_wconf 88' lang='lat' dir='ltr'><strong>Romanos</strong></span> <span class='ocrx_word' id='word_1_73' title='bbox 444 1838 510 1911; x_wconf 91' lang='lat' dir='ltr'><strong>sub</strong></span> <span class='ocrx_word' id='word_1_74' title='bbox 527 1837 654 1938; x_wconf 76' lang='lat' dir='ltr'><strong>jugum</strong></span> <span class='ocrx_word' id='word_1_75' title='bbox 673 1835 869 1937; x_wconf 74' lang='lat' dir='ltr'><strong>pugnando</strong></span> <span class='ocrx_word' id='word_1_76' title='bbox 890 1839 1075 1928; x_wconf 81' lang='lat' dir='ltr'><strong>miserant,</strong></span> <span class='ocrx_word' id='word_1_77' title='bbox 1098 1842 1210 1910; x_wconf 89' lang='lat' dir='ltr'><strong>victos</strong></span> 
     </span>
     <span class='ocr_line' id='line_1_13' title="bbox 160 1951 1210 2055; baseline 0 -29"><span class='ocrx_word' id='word_1_78' title='bbox 160 1957 356 2053; x_wconf 76' lang='lat' dir='ltr'><strong>ignominia</strong></span> <span class='ocrx_word' id='word_1_79' title='bbox 372 1961 453 2055; x_wconf 89' lang='lat' dir='ltr'><strong>pari</strong></span> <span class='ocrx_word' id='word_1_80' title='bbox 468 1953 608 2044; x_wconf 80' lang='lat' dir='ltr'><strong>affecit,</strong></span> <span class='ocrx_word' id='word_1_81' title='bbox 631 1970 667 2026; x_wconf 93' lang='lat' dir='ltr'><strong>et</strong></span> <span class='ocrx_word' id='word_1_82' title='bbox 686 1951 908 2042; x_wconf 78' lang='lat' dir='ltr'><strong>avelocitate</strong></span> <span class='ocrx_word' id='word_1_83' title='bbox 925 1955 1058 2026; x_wconf 88' lang='lat' dir='ltr'><strong>Cursor</strong></span> <span class='ocrx_word' id='word_1_84' title='bbox 1076 1969 1128 2035; x_wconf 87' lang='lat' dir='ltr'><strong>est</strong></span> <span class='ocrx_word' id='word_1_85' title='bbox 1144 1979 1210 2052; x_wconf 88' lang='lat' dir='ltr'><strong>ap-</strong></span> 
     </span>
     <span class='ocr_line' id='line_1_14' title="bbox 160 2066 1212 2170; baseline -0.002 -28"><span class='ocrx_word' id='word_1_86' title='bbox 160 2068 321 2168; x_wconf 90' lang='lat' dir='ltr'><strong>pellatus.</strong></span> <span class='ocrx_word' id='word_1_87' title='bbox 334 2073 473 2162; x_wconf 90' lang='lat' dir='ltr'><strong>Curius,</strong></span> <span class='ocrx_word' id='word_1_88' title='bbox 485 2067 1022 2170; x_wconf 84' lang='lat' dir='ltr'><strong>quaminlocorapastorrcret,</strong></span> <span class='ocrx_word' id='word_1_89' title='bbox 1034 2066 1212 2140; x_wconf 75' lang='lat' dir='ltr'><strong>’offeren-</strong></span> 
     </span>
     <span class='ocr_line' id='line_1_15' title="bbox 160 2183 1211 2287; baseline -0.002 -29"><span class='ocrx_word' id='word_1_90' title='bbox 160 2183 272 2258; x_wconf 90' lang='lat' dir='ltr'><strong>tibus:</strong></span> <span class='ocrx_word' id='word_1_91' title='bbox 287 2185 402 2278; x_wconf 88' lang='lat' dir='ltr'><strong>Malo,</strong></span> <span class='ocrx_word' id='word_1_92' title='bbox 416 2190 548 2287; x_wconf 88' lang='lat' dir='ltr'><strong>inquit,</strong></span> <span class='ocrx_word' id='word_1_93' title='bbox 561 2191 599 2260; x_wconf 93' lang='lat' dir='ltr'><strong>in</strong></span> <span class='ocrx_word' id='word_1_94' title='bbox 612 2183 779 2258; x_wconf 90' lang='lat' dir='ltr'><strong>fictilibus</strong></span> <span class='ocrx_word' id='word_1_95' title='bbox 792 2189 879 2258; x_wconf 90' lang='lat' dir='ltr'><strong>meis</strong></span> <span class='ocrx_word' id='word_1_96' title='bbox 893 2198 928 2256; x_wconf 90' lang='lat' dir='ltr'><strong>et</strong></span> <span class='ocrx_word' id='word_1_97' title='bbox 939 2207 1066 2256; x_wconf 90' lang='lat' dir='ltr'><strong>aurum</strong></span> <span class='ocrx_word' id='word_1_98' title='bbox 1079 2183 1211 2258; x_wconf 86' lang='lat' dir='ltr'><strong>haben·</strong></span> 
     </span>
     <span class='ocr_line' id='line_1_16' title="bbox 161 2299 1214 2401; baseline -0.003 -27"><span class='ocrx_word' id='word_1_99' title='bbox 161 2299 256 2374; x_wconf 87' lang='lat' dir='ltr'><strong>tibus</strong></span> <span class='ocrx_word' id='word_1_100' title='bbox 279 2306 468 2401; x_wconf 90' lang='lat' dir='ltr'><strong>imperare.</strong></span> <span class='ocrx_word' id='word_1_101' title='bbox 491 2301 674 2376; x_wconf 85' lang='lat' dir='ltr'><strong>Fabricius</strong></span> <span class='ocrx_word' id='word_1_102' title='bbox 697 2302 885 2390; x_wconf 89' lang='lat' dir='ltr'><strong>Luscinus,</strong></span> <span class='ocrx_word' id='word_1_103' title='bbox 917 2304 979 2399; x_wconf 89' lang='lat' dir='ltr'><strong>qni</strong></span> <span class='ocrx_word' id='word_1_104' title='bbox 1005 2299 1214 2374; x_wconf 83' lang='lat' dir='ltr'><strong>Cornelium</strong></span> 
     </span>
     <span class='ocr_line' id='line_1_17' title="bbox 161 2413 1214 2505; baseline 0 -19"><span class='ocrx_word' id='word_1_105' title='bbox 161 2414 330 2488; x_wconf 88' lang='lat' dir='ltr'><strong>Rufinum</strong></span> <span class='ocrx_word' id='word_1_106' title='bbox 344 2416 568 2500; x_wconf 82' lang='lat' dir='ltr'><strong>consularem</strong></span> <span class='ocrx_word' id='word_1_107' title='bbox 583 2419 701 2490; x_wconf 88' lang='lat' dir='ltr'><strong>virum</strong></span> <span class='ocrx_word' id='word_1_108' title='bbox 715 2430 839 2492; x_wconf 86' lang='lat' dir='ltr'><strong>senatu</strong></span> <span class='ocrx_word' id='word_1_109' title='bbox 852 2419 1001 2505; x_wconf 86' lang='lat' dir='ltr'><strong>amovit,</strong></span> <span class='ocrx_word' id='word_1_110' title='bbox 1015 2413 1162 2488; x_wconf 84' lang='lat' dir='ltr'><strong>luxuriae</strong></span> <span class='ocrx_word' id='word_1_111' title='bbox 1178 2430 1214 2487; x_wconf 88' lang='lat' dir='ltr'><strong>et</strong></span> 
     </span>
     <span class='ocr_line' id='line_1_18' title="bbox 162 2529 1214 2630; baseline 0 -29"><span class='ocrx_word' id='word_1_112' title='bbox 162 2533 316 2604; x_wconf 74' lang='lat' dir='ltr'><strong>avaritia</strong></span> <span class='ocrx_word' id='word_1_113' title='bbox 333 2531 560 2622; x_wconf 88' lang='lat' dir='ltr'><strong>damnatum,</strong></span> <span class='ocrx_word' id='word_1_114' title='bbox 578 2529 677 2630; x_wconf 90' lang='lat' dir='ltr'><strong>quod</strong></span> <span class='ocrx_word' id='word_1_115' title='bbox 696 2529 822 2604; x_wconf 82' lang='lat' dir='ltr'><strong>decem</strong></span> <span class='ocrx_word' id='word_1_116' title='bbox 837 2529 961 2628; x_wconf 92' lang='lat' dir='ltr'><strong>pondo</strong></span> <span class='ocrx_word' id='word_1_117' title='bbox 978 2535 1113 2629; x_wconf 76' lang='lat' dir='ltr'><strong>argenti</strong></span> <span class='ocrx_word' id='word_1_118' title='bbox 1135 2553 1214 2628; x_wconf 91' lang='lat' dir='ltr'><strong>pos·</strong></span> 
     </span>
     <span class='ocr_line' id='line_1_19' title="bbox 163 2639 1213 2745; baseline 0.002 -33"><span class='ocrx_word' id='word_1_119' title='bbox 163 2639 303 2714; x_wconf 68' lang='lat' dir='ltr'><strong>siderei„</strong></span> <span class='ocrx_word' id='word_1_120' title='bbox 318 2646 486 2718; x_wconf 87' lang='lat' dir='ltr'><strong>Claudius</strong></span> <span class='ocrx_word' id='word_1_121' title='bbox 498 2645 705 2734; x_wconf 80' lang='lat' dir='ltr'><strong>Marcellus,</strong></span> <span class='ocrx_word' id='word_1_122' title='bbox 723 2649 785 2745; x_wconf 89' lang='lat' dir='ltr'><strong>qui</strong></span> <span class='ocrx_word' id='word_1_123' title='bbox 796 2643 1008 2719; x_wconf 83' lang='lat' dir='ltr'><strong>Annibalem</strong></span> <span class='ocrx_word' id='word_1_124' title='bbox 1024 2649 1161 2743; x_wconf 89' lang='lat' dir='ltr'><strong>primus</strong></span> <span class='ocrx_word' id='word_1_125' title='bbox 1176 2649 1213 2714; x_wconf 92' lang='lat' dir='ltr'><strong>in</strong></span> 
     </span>
     <span class='ocr_line' id='line_1_20' title="bbox 165 2755 1214 2860; baseline 0.002 -34"><span class='ocrx_word' id='word_1_126' title='bbox 165 2755 362 2854; x_wconf 89' lang='lat' dir='ltr'><strong>Campania</strong></span> <span class='ocrx_word' id='word_1_127' title='bbox 377 2757 501 2856; x_wconf 85' lang='lat' dir='ltr'><strong>praelio</strong></span> <span class='ocrx_word' id='word_1_128' title='bbox 517 2762 619 2849; x_wconf 86' lang='lat' dir='ltr'><strong>vicit,</strong></span> <span class='ocrx_word' id='word_1_129' title='bbox 632 2758 800 2860; x_wconf 85' lang='lat' dir='ltr'><strong>idemque</strong></span> <span class='ocrx_word' id='word_1_130' title='bbox 809 2759 949 2859; x_wconf 89' lang='lat' dir='ltr'><strong>docuit,</strong></span> <span class='ocrx_word' id='word_1_131' title='bbox 967 2763 1003 2830; x_wconf 91' lang='lat' dir='ltr'><strong>in</strong></span> <span class='ocrx_word' id='word_1_132' title='bbox 1020 2758 1114 2834; x_wconf 87' lang='lat' dir='ltr'><strong>bello</strong></span> <span class='ocrx_word' id='word_1_133' title='bbox 1128 2782 1214 2857; x_wconf 88' lang='lat' dir='ltr'><strong>quo·</strong></span> 
     </span>
     <span class='ocr_line' id='line_1_21' title="bbox 164 2870 1215 2973; baseline 0.003 -33"><span class='ocrx_word' id='word_1_134' title='bbox 164 2870 275 2942; x_wconf 91' lang='lat' dir='ltr'><strong>modo</strong></span> <span class='ocrx_word' id='word_1_135' title='bbox 291 2877 426 2971; x_wconf 86' lang='lat' dir='ltr'><strong>equites</strong></span> <span class='ocrx_word' id='word_1_136' title='bbox 443 2878 518 2946; x_wconf 86' lang='lat' dir='ltr'><strong>sine</strong></span> <span class='ocrx_word' id='word_1_137' title='bbox 531 2873 618 2973; x_wconf 71' lang='lat' dir='ltr'><strong>fuga</strong></span> <span class='ocrx_word' id='word_1_138' title='bbox 631 2875 810 2951; x_wconf 79' lang='lat' dir='ltr'><strong>cederent.</strong></span> <span class='ocrx_word' id='word_1_139' title='bbox 825 2877 1008 2972; x_wconf 76' lang='lat' dir='ltr'><strong>Scipiones</strong></span> <span class='ocrx_word' id='word_1_140' title='bbox 1022 2873 1111 2962; x_wconf 93' lang='lat' dir='ltr'><strong>duo,</strong></span> <span class='ocrx_word' id='word_1_141' title='bbox 1130 2898 1215 2971; x_wconf 88' lang='lat' dir='ltr'><strong>quo·</strong></span> 
     </span>
     <span class='ocr_line' id='line_1_22' title="bbox 165 2986 1214 3089; baseline 0.002 -29"><span class='ocrx_word' id='word_1_142' title='bbox 165 3013 247 3060; x_wconf 89' lang='lat' dir='ltr'><strong>rum</strong></span> <span class='ocrx_word' id='word_1_143' title='bbox 268 2986 358 3060; x_wconf 89' lang='lat' dir='ltr'><strong>alter</strong></span> <span class='ocrx_word' id='word_1_144' title='bbox 379 2993 496 3086; x_wconf 89' lang='lat' dir='ltr'><strong>prior,</strong></span> <span class='ocrx_word' id='word_1_145' title='bbox 520 2989 723 3076; x_wconf 81' lang='lat' dir='ltr'><strong>Africanus,</strong></span> <span class='ocrx_word' id='word_1_146' title='bbox 746 2994 808 3089; x_wconf 91' lang='lat' dir='ltr'><strong>qui</strong></span> <span class='ocrx_word' id='word_1_147' title='bbox 828 2987 1040 3061; x_wconf 88' lang='lat' dir='ltr'><strong>Annibalem</strong></span> <span class='ocrx_word' id='word_1_148' title='bbox 1061 2989 1214 3062; x_wconf 75' lang='lat' dir='ltr'><strong>atinae</strong></span> 
     </span>
     <span class='ocr_line' id='line_1_23' title="bbox 165 3101 1216 3202; baseline -0.002 -24"><span class='ocrx_word' id='word_1_149' title='bbox 165 3101 325 3178; x_wconf 84' lang='lat' dir='ltr'><strong>Africam</strong></span> <span class='ocrx_word' id='word_1_150' title='bbox 339 3101 532 3176; x_wconf 90' lang='lat' dir='ltr'><strong>debellavit</strong></span> <span class='ocrx_word' id='word_1_151' title='bbox 537 3133 546 3194; x_wconf 83' lang='lat'>3</span> <span class='ocrx_word' id='word_1_152' title='bbox 560 3103 649 3176; x_wconf 89' lang='lat' dir='ltr'><strong>alter</strong></span> <span class='ocrx_word' id='word_1_153' title='bbox 659 3105 779 3201; x_wconf 88' lang='lat' dir='ltr'><strong>Scipio</strong></span> <span class='ocrx_word' id='word_1_154' title='bbox 791 3104 1043 3192; x_wconf 78' lang='lat' dir='ltr'><strong>Numantinus,</strong></span> <span class='ocrx_word' id='word_1_155' title='bbox 1057 3107 1118 3202; x_wconf 87' lang='lat' dir='ltr'><strong>qui</strong></span> <span class='ocrx_word' id='word_1_156' title='bbox 1129 3105 1216 3176; x_wconf 74' lang='lat' dir='ltr'><strong>Car</strong></span> 
     </span>
     <span class='ocr_line' id='line_1_24' title="bbox 166 3213 1217 3316; baseline 0 -27"><span class='ocrx_word' id='word_1_157' title='bbox 166 3215 350 3316; x_wconf 71' lang='lat' dir='ltr'><strong>thaginem</strong></span> <span class='ocrx_word' id='word_1_158' title='bbox 363 3235 400 3292; x_wconf 89' lang='lat' dir='ltr'><strong>et</strong></span> <span class='ocrx_word' id='word_1_159' title='bbox 410 3221 639 3292; x_wconf 89' lang='lat' dir='ltr'><strong>Numantiam</strong></span> <span class='ocrx_word' id='word_1_160' title='bbox 652 3215 847 3304; x_wconf 80' lang='lat' dir='ltr'><strong>diruendo,</strong></span> <span class='ocrx_word' id='word_1_161' title='bbox 862 3219 899 3290; x_wconf 93' lang='lat' dir='ltr'><strong>in</strong></span> <span class='ocrx_word' id='word_1_162' title='bbox 911 3213 980 3288; x_wconf 87' lang='lat' dir='ltr'><strong>bac</strong></span> <span class='ocrx_word' id='word_1_163' title='bbox 989 3215 1163 3307; x_wconf 81' lang='lat' dir='ltr'><strong>Africam,</strong></span> <span class='ocrx_word' id='word_1_164' title='bbox 1178 3223 1217 3289; x_wconf 91' lang='lat' dir='ltr'><strong>in</strong></span> 
     </span>
     <span class='ocr_line' id='line_1_25' title="bbox 167 3329 1217 3434; baseline 0 -30"><span class='ocrx_word' id='word_1_165' title='bbox 167 3329 228 3404; x_wconf 88' lang='lat' dir='ltr'><strong>illa</strong></span> <span class='ocrx_word' id='word_1_166' title='bbox 248 3334 457 3433; x_wconf 89' lang='lat' dir='ltr'><strong>Hispaniam</strong></span> <span class='ocrx_word' id='word_1_167' title='bbox 474 3333 591 3434; x_wconf 73' lang='lat' dir='ltr'><strong>fregit.</strong></span> <span class='ocrx_word' id='word_1_168' title='bbox 616 3331 792 3426; x_wconf 81' lang='lat' dir='ltr'><strong>³Quintus</strong></span> <span class='ocrx_word' id='word_1_169' title='bbox 809 3336 923 3422; x_wconf 85' lang='lat' dir='ltr'><strong>Nero&#39;,</strong></span> <span class='ocrx_word' id='word_1_170' title='bbox 946 3336 1025 3431; x_wconf 82' lang='lat' dir='ltr'><strong>qui,</strong></span> <span class='ocrx_word' id='word_1_171' title='bbox 1043 3331 1217 3407; x_wconf 87' lang='lat' dir='ltr'><strong>Annibale</strong></span> 
     </span>
     <span class='ocr_line' id='line_1_26' title="bbox 168 3448 1218 3548; baseline 0.002 -28"><span class='ocrx_word' id='word_1_172' title='bbox 168 3450 205 3520; x_wconf 91' lang='lat' dir='ltr'><strong>in</strong></span> <span class='ocrx_word' id='word_1_173' title='bbox 218 3448 347 3546; x_wconf 86' lang='lat' dir='ltr'><strong>Apulia</strong></span> <span class='ocrx_word' id='word_1_174' title='bbox 363 3449 503 3546; x_wconf 90' lang='lat' dir='ltr'><strong>relicto,</strong></span> <span class='ocrx_word' id='word_1_175' title='bbox 519 3454 721 3528; x_wconf 84' lang='lat' dir='ltr'><strong>venientem</strong></span> <span class='ocrx_word' id='word_1_176' title='bbox 735 3448 780 3524; x_wconf 83' lang='lat' dir='ltr'><strong>ab</strong></span> <span class='ocrx_word' id='word_1_177' title='bbox 796 3451 969 3548; x_wconf 87' lang='lat' dir='ltr'><strong>Hispania</strong></span> <span class='ocrx_word' id='word_1_178' title='bbox 981 3448 1218 3524; x_wconf 83' lang='lat' dir='ltr'><strong>Asdmbalem</strong></span> 
     </span>
    </p>
   </div>
   <div class='ocr_carea' id='block_1_2' title="bbox 168 3562 1219 3780">
    <p class='ocr_par' dir='ltr' id='par_1_2' title="bbox 168 3562 1219 3780">
     <span class='ocr_line' id='line_1_27' title="bbox 169 3562 1219 3667; baseline 0.003 -34"><span class='ocrx_word' id='word_1_179' title='bbox 169 3567 327 3662; x_wconf 83' lang='lat' dir='ltr'><strong>excepit,</strong></span> <span class='ocrx_word' id='word_1_180' title='bbox 342 3569 535 3667; x_wconf 89' lang='lat' dir='ltr'><strong>copiasque</strong></span> <span class='ocrx_word' id='word_1_181' title='bbox 551 3565 626 3665; x_wconf 89' lang='lat' dir='ltr'><strong>ejus</strong></span> <span class='ocrx_word' id='word_1_182' title='bbox 643 3587 715 3640; x_wconf 91' lang='lat' dir='ltr'><strong>uno</strong></span> <span class='ocrx_word' id='word_1_183' title='bbox 732 3562 791 3638; x_wconf 87' lang='lat' dir='ltr'><strong>die</strong></span> <span class='ocrx_word' id='word_1_184' title='bbox 810 3562 907 3662; x_wconf 89' lang='lat' dir='ltr'><strong>apud</strong></span> <span class='ocrx_word' id='word_1_185' title='bbox 926 3564 1130 3636; x_wconf 81' lang='lat' dir='ltr'><strong>Metaurum</strong></span> <span class='ocrx_word' id='word_1_186' title='bbox 1150 3563 1219 3636; x_wconf 83' lang='lat' dir='ltr'><strong>flu-</strong></span> 
     </span>
     <span class='ocr_line' id='line_1_28' title="bbox 168 3675 1219 3780; baseline 0.002 -30"><span class='ocrx_word' id='word_1_187' title='bbox 168 3701 253 3750; x_wconf 89' lang='lat' dir='ltr'><strong>men</strong></span> <span class='ocrx_word' id='word_1_188' title='bbox 267 3676 412 3770; x_wconf 86' lang='lat' dir='ltr'><strong>devicit,</strong></span> <span class='ocrx_word' id='word_1_189' title='bbox 430 3678 514 3780; x_wconf 73' lang='lat' dir='ltr'><strong>⁴qui</strong></span> <span class='ocrx_word' id='word_1_190' title='bbox 534 3706 608 3756; x_wconf 85' lang='lat' dir='ltr'><strong>sese</strong></span> <span class='ocrx_word' id='word_1_191' title='bbox 629 3703 713 3754; x_wconf 85' lang='lat' dir='ltr'><strong>cum</strong></span> <span class='ocrx_word' id='word_1_192' title='bbox 732 3675 898 3754; x_wconf 84' lang='lat' dir='ltr'><strong>Annibali</strong></span> <span class='ocrx_word' id='word_1_193' title='bbox 912 3677 1100 3777; x_wconf 83' lang='lat' dir='ltr'><strong>junxisset,</strong></span> <span class='ocrx_word' id='word_1_194' title='bbox 1118 3678 1219 3752; x_wconf 90' lang='lat' dir='ltr'><strong>dubi·</strong></span> 
     </span>
    </p>
   </div>
   <div class='ocr_carea' id='block_1_3' title="bbox 168 3859 1220 4332">
    <p class='ocr_par' dir='ltr' id='par_1_3' title="bbox 168 3859 1220 4176">
     <span class='ocr_line' id='line_1_29' title="bbox 204 3859 1219 3935; baseline 0.004 -22"><span class='ocrx_word' id='word_1_195' title='bbox 204 3859 412 3915; x_wconf 66' lang='lat' dir='ltr'><strong>manunt-</strong></span> <span class='ocrx_word' id='word_1_196' title='bbox 425 3863 531 3916; x_wconf 71' lang='lat' dir='ltr'><strong>cidem</strong></span> <span class='ocrx_word' id='word_1_197' title='bbox 540 3864 672 3916; x_wconf 72' lang='lat' dir='ltr'><strong>Sermusa.</strong></span> <span class='ocrx_word' id='word_1_198' title='bbox 713 3861 788 3915; x_wconf 84' lang='lat' dir='ltr'><strong>lustr.</strong></span> <span class='ocrx_word' id='word_1_199' title='bbox 799 3861 922 3928; x_wconf 80' lang='lat' dir='ltr'><strong>xxxttt,</strong></span> <span class='ocrx_word' id='word_1_200' title='bbox 941 3881 956 3915; x_wconf 89' lang='lat' dir='ltr'><strong>e</strong></span> <span class='ocrx_word' id='word_1_201' title='bbox 972 3879 1027 3933; x_wconf 87' lang='lat' dir='ltr'><strong>quo</strong></span> <span class='ocrx_word' id='word_1_202' title='bbox 1042 3862 1219 3935; x_wconf 84' lang='lat' dir='ltr'><strong>supplendum</strong></span> 
     </span>
     <span class='ocr_line' id='line_1_30' title="bbox 168 3939 1220 4011; baseline 0.002 -17"><span class='ocrx_word' id='word_1_203' title='bbox 168 3943 199 3995; x_wconf 88' lang='lat' dir='ltr'><strong>ln</strong></span> <span class='ocrx_word' id='word_1_204' title='bbox 207 3941 301 3996; x_wconf 78' lang='lat' dir='ltr'><strong>ecclam</strong></span> <span class='ocrx_word' id='word_1_205' title='bbox 310 3963 398 3997; x_wconf 85' lang='lat' dir='ltr'><strong>errore</strong></span> <span class='ocrx_word' id='word_1_206' title='bbox 407 3944 673 3999; x_wconf 84' lang='lat' dir='ltr'><strong>versariScboliaaten</strong></span> <span class='ocrx_word' id='word_1_207' title='bbox 715 3953 768 4008; x_wconf 86' lang='lat' dir='ltr'><strong>est,</strong></span> <span class='ocrx_word' id='word_1_208' title='bbox 784 3939 898 4011; x_wconf 70' lang='lat' dir='ltr'><strong>nlegatis</strong></span> <span class='ocrx_word' id='word_1_209' title='bbox 910 3940 1065 3994; x_wconf 85' lang='lat' dir='ltr'><strong>Samnitium</strong></span> <span class='ocrx_word' id='word_1_210' title='bbox 1075 3961 1168 3996; x_wconf 81' lang='lat' dir='ltr'><strong>aarum</strong></span> <span class='ocrx_word' id='word_1_211' title='bbox 1178 3945 1220 3996; x_wconf 82' lang='lat' dir='ltr'><strong>ol·</strong></span> 
     </span>
     <span class='ocr_line' id='line_1_31' title="bbox 169 4017 1219 4098; baseline 0.002 -25"><span class='ocrx_word' id='word_1_212' title='bbox 169 4022 251 4076; x_wconf 81' lang='lat' dir='ltr'><strong>Persii</strong></span> <span class='ocrx_word' id='word_1_213' title='bbox 263 4021 299 4078; x_wconf 88' lang='lat' dir='ltr'><strong>ad</strong></span> <span class='ocrx_word' id='word_1_214' title='bbox 309 4025 336 4088; x_wconf 95' lang='lat' dir='ltr'><strong>l,</strong></span> <span class='ocrx_word' id='word_1_215' title='bbox 348 4023 401 4078; x_wconf 88' lang='lat' dir='ltr'><strong>Sat.</strong></span> <span class='ocrx_word' id='word_1_216' title='bbox 414 4024 462 4098; x_wconf 81' lang='lat'><strong>73,</strong></span> <span class='ocrx_word' id='word_1_217' title='bbox 475 4023 596 4078; x_wconf 83' lang='lat' dir='ltr'><strong>observat</strong></span> <span class='ocrx_word' id='word_1_218' title='bbox 606 4025 675 4076; x_wconf 81' lang='lat' dir='ltr'><strong>Peri·</strong></span> <span class='ocrx_word' id='word_1_219' title='bbox 718 4019 901 4086; x_wconf 55' lang='lat' dir='ltr'><strong>defectibus,</strong></span> <span class='ocrx_word' id='word_1_220' title='bbox 915 4017 999 4088; x_wconf 69' lang='lat' dir='ltr'><strong>malo,</strong></span> <span class='ocrx_word' id='word_1_221' title='bbox 1013 4021 1111 4094; x_wconf 78' lang='lat' dir='ltr'><strong>lnquit,</strong></span> <span class='ocrx_word' id='word_1_222' title='bbox 1122 4021 1177 4078; x_wconf 73' lang='lat' dir='ltr'><strong>bac</strong></span> <span class='ocrx_word' id='word_1_223' title='bbox 1190 4025 1219 4076; x_wconf 84' lang='lat' dir='ltr'><strong>in</strong></span> 
     </span>
     <span class='ocr_line' id='line_1_32' title="bbox 170 4099 1040 4176; baseline -0.005 -22"><span class='ocrx_word' id='word_1_224' title='bbox 170 4119 227 4154; x_wconf 80' lang='lat' dir='ltr'><strong>aon.</strong></span> <span class='ocrx_word' id='word_1_225' title='bbox 242 4101 381 4160; x_wconf 78' lang='lat' dir='ltr'><strong>Animadv.</strong></span> <span class='ocrx_word' id='word_1_226' title='bbox 392 4103 459 4157; x_wconf 79' lang='lat' dir='ltr'><strong>illst.</strong></span> <span class='ocrx_word' id='word_1_227' title='bbox 473 4122 497 4156; x_wconf 87' lang='lat' dir='ltr'><strong>c.</strong></span> <span class='ocrx_word' id='word_1_228' title='bbox 514 4121 580 4176; x_wconf 86' lang='lat' dir='ltr'><strong>1,p.</strong></span> <span class='ocrx_word' id='word_1_229' title='bbox 593 4119 634 4155; x_wconf 79' lang='lat' dir='ltr'><strong>ar.</strong></span> <span class='ocrx_word' id='word_1_230' title='bbox 719 4099 865 4154; x_wconf 75' lang='lat' dir='ltr'><strong>-tienttbus</strong></span> <span class='ocrx_word' id='word_1_231' title='bbox 874 4101 941 4152; x_wconf 79' lang='lat' dir='ltr'><strong>meis</strong></span> <span class='ocrx_word' id='word_1_232' title='bbox 951 4117 1040 4154; x_wconf 76' lang='lat' dir='ltr'><strong>esee.»</strong></span> 
     </span>
    </p>

    <p class='ocr_par' dir='ltr' id='par_1_4' title="bbox 173 4179 1219 4332">
     <span class='ocr_line' id='line_1_33' title="bbox 207 4179 1199 4255; baseline 0.002 -23"><span class='ocrx_word' id='word_1_233' title='bbox 207 4197 231 4233; x_wconf 81' lang='lat' dir='ltr'><strong>a.</strong></span> <span class='ocrx_word' id='word_1_234' title='bbox 255 4183 438 4255; x_wconf 78' lang='lat' dir='ltr'><strong>offerentibus.</strong></span> <span class='ocrx_word' id='word_1_235' title='bbox 462 4183 523 4234; x_wconf 79' lang='lat' dir='ltr'><strong>Haec</strong></span> <span class='ocrx_word' id='word_1_236' title='bbox 543 4179 675 4254; x_wconf 77' lang='lat' dir='ltr'><strong>descripta</strong></span> <span class='ocrx_word' id='word_1_237' title='bbox 750 4180 776 4234; x_wconf 85' lang='lat'><strong>3.</strong></span> <span class='ocrx_word' id='word_1_238' title='bbox 787 4181 906 4252; x_wconf 77' lang='lat' dir='ltr'><strong>Quintus.</strong></span> <span class='ocrx_word' id='word_1_239' title='bbox 916 4179 1004 4247; x_wconf 80' lang='lat' dir='ltr'><strong>Livio,</strong></span> <span class='ocrx_word' id='word_1_240' title='bbox 1014 4195 1040 4234; x_wconf 84' lang='lat' dir='ltr'><strong>et</strong></span> <span class='ocrx_word' id='word_1_241' title='bbox 1050 4182 1107 4238; x_wconf 82' lang='lat' dir='ltr'><strong>aliis</strong></span> <span class='ocrx_word' id='word_1_242' title='bbox 1117 4186 1199 4238; x_wconf 80' lang='lat' dir='ltr'><strong>Caius.</strong></span> 
     </span>
     <span class='ocr_line' id='line_1_34' title="bbox 173 4255 1219 4332; baseline 0 -20"><span class='ocrx_word' id='word_1_243' title='bbox 173 4255 427 4316; x_wconf 67' lang='lat' dir='ltr'><strong>ndenmrnnurel.</strong></span> <span class='ocrx_word' id='word_1_244' title='bbox 442 4262 509 4314; x_wconf 87' lang='lat' dir='ltr'><strong>Vict.</strong></span> <span class='ocrx_word' id='word_1_245' title='bbox 525 4259 559 4314; x_wconf 83' lang='lat' dir='ltr'><strong>de</strong></span> <span class='ocrx_word' id='word_1_246' title='bbox 573 4261 628 4314; x_wconf 84' lang='lat' dir='ltr'><strong>Vir.</strong></span> <span class='ocrx_word' id='word_1_247' title='bbox 641 4261 673 4312; x_wconf 93' lang='lat' dir='ltr'><strong>ll·</strong></span> <span class='ocrx_word' id='word_1_248' title='bbox 750 4259 774 4326; x_wconf 72' lang='grc'><strong>4.</strong></span> <span class='ocrx_word' id='word_1_249' title='bbox 789 4261 983 4332; x_wconf 79' lang='lat' dir='ltr'><strong>Quiseuquum</strong></span> <span class='ocrx_word' id='word_1_250' title='bbox 991 4259 1128 4314; x_wconf 80' lang='lat' dir='ltr'><strong>Annibali.</strong></span> <span class='ocrx_word' id='word_1_251' title='bbox 1141 4263 1219 4331; x_wconf 81' lang='lat' dir='ltr'><strong>Quisi</strong></span> 
     </span>
    </p>
   </div>
   <div class='ocr_carea' id='block_1_4' title="bbox 0 0 1538 4956">
    <p class='ocr_par' dir='ltr' id='par_1_5' title="bbox 0 0 1538 4956">
     <span class='ocr_line' id='line_1_35' title="bbox 0 0 1538 4956; baseline 0 0"><span class='ocrx_word' id='word_1_252' title='bbox 0 0 1538 4956; x_wconf 95' lang='lat' dir='ltr'><strong> </strong></span> 
     </span>
    </p>
   </div>
  </div>
 </body>
</html>
