3108 4956
300 515 364 598 ²7⁴
628 511 666 578 t.
690 512 846 586 nunni
869 512 1014 580 rtonr

300 637 390 723 cuti,
411 631 474 707 din
492 649 528 704 et
546 637 693 730 ancipiti
712 657 854 732 semper
878 637 954 706 acie
974 634 1200 709 domuerunt.
1227 641 1345 714 Prima

298 773 365 847 per
380 747 514 846 legatos
530 749 724 820 certamina
738 745 876 838 habita,
894 773 1005 847 quum
1017 747 1101 821 binc
1118 752 1294 824 Domitius
1309 769 1346 826 et

262 900 278 952 7
297 864 469 954 Thorius,
493 862 575 936 inde
597 862 777 938 Herculeii
795 863 1046 964 proluderent:
1069 893 1154 940 mox
1172 866 1226 940 bis
1247 869 1343 968 apud

297 983 503 1080 Segoviam,
520 975 587 1050 illis
599 977 696 1075 apud
706 981 821 1050 Anam
832 979 965 1052 flumen
978 985 1173 1086 oppressis,
1190 986 1258 1082 ipsi
1274 983 1343 1056 du-

296 1121 354 1170 ces
371 1097 531 1166 cominus
547 1095 700 1166 invicem
715 1097 869 1192 experti,
886 1094 983 1192 apud
999 1099 1218 1187 Lauronem,
1237 1115 1343 1198 atque

259 1231 276 1284 a
295 1211 508 1298 Sucronem,
529 1232 713 1307 aeqnaverc
730 1207 859 1280 clades.
881 1212 976 1282 Tum
993 1207 1062 1284 illis
1077 1210 1123 1284 ad
1138 1211 1342 1310 populatio-

294 1351 377 1400 nem
397 1349 582 1424 agrcrum,
603 1321 657 1396 bis
678 1323 724 1396 ad
740 1323 884 1398 urbium
902 1324 1039 1398 excidia
1056 1331 1251 1418 conversis,
1275 1333 1342 1400 mi-

292 1467 371 1515 sera
391 1445 484 1514 inter
500 1443 680 1512 Romanos
699 1437 806 1512 duces
823 1441 996 1538 Hispania
1014 1439 1200 1516 discordiae
1218 1469 1341 1542 poenas

255 1591 274 1644 9
293 1555 419 1644 dabat3
443 1553 576 1642 donec,
602 1579 772 1652 oppresso
800 1553 996 1630 domestica
1015 1555 1143 1630 frande
1165 1559 1339 1652 Sertorio,

292 1680 386 1748 victo
402 1671 596 1770 deditoque
612 1674 809 1770 Perperna,
828 1676 912 1770 ipsae
931 1700 1075 1774 quoqne
1090 1680 1126 1748 in
1143 1679 1340 1752 Romanam

291 1789 400 1862 fidem
416 1813 544 1862 venere
557 1787 681 1879 urbas,
701 1789 814 1880 Osca,
832 1792 997 1881 Termes,
1016 1794 1142 1880 Tutia,
1158 1791 1339 1886 Valentia,

241 1951 273 1986 ,ο
290 1907 457 1994 Auxima,
481 1919 517 1974 et
535 1907 571 1973 in
588 1900 684 1976 fame
699 1901 787 1976 nihil
805 1930 878 1976 non
899 1923 1049 2004 experta
1066 1907 1258 2006 Calaguris.
1283 1910 1339 1980 Sic

291 2034 435 2117 recepta
447 2023 487 2122 'in
504 2043 630 2116 pacem
646 2019 826 2116 Hispania.
845 2022 1010 2094 Victores
1030 2020 1138 2094 duces
1154 2037 1339 2094 arternum

290 2133 328 2208 id
351 2138 480 2234 magis,
503 2160 611 2234 qiram
633 2134 752 2223 civile,
777 2134 911 2214 bellum
933 2137 1045 2212 videri
1068 2135 1274 2228 voluerunt,
1300 2155 1339 2211 ut

290 2247 563 2348 triumpharent.

292 2433 794 2507 numdiligentissimectnousinclandc
834 2439 913 2492 bcrin
931 2439 1070 2514 oppidum.
1088 2472 1125 2484 —
1140 2441 1226 2496 Tutin.
1245 2443 1337 2514 Hispa·

291 2516 430 2588 descripsit
442 2519 553 2570 noum
561 2517 602 2568 Dr
612 2519 716 2584 banasa,
727 2518 794 2570 ilict.
834 2521 883 2574 niu
894 2521 970 2586 urba,
983 2541 1070 2594 prope
1081 2523 1226 2594 Saguntum
1236 2551 1273 2564 -
1285 2523 1338 2575 Vn-

289 2601 367 2664 nom,
379 2597 443 2650 libb.
457 2601 495 2666 ΙΙ,
507 2600 558 2665 ΙΙΙ,
570 2611 596 2650 ct
605 2599 641 2649 {V
650 2601 758 2670 pastirn.
836 2598 924 2652 lentio.
940 2599 1007 2653 Urba
1018 2602 1148 2671 prcniae
1157 2599 1291 2652 orientalis
1301 2601 1338 2652 in·

291 2679 333 2734 los
341 2680 447 2746 Graevii,
459 2698 508 2752 ego
518 2677 795 2732 dcleascm.T1rzn.-
836 2679 961 2732 terurbea
971 2679 1115 2752 Saguntum
1126 2692 1151 2731 ct
1160 2677 1294 2731 Salariam.
1302 2709 1338 2719 -

292 2759 369 2812 Hinc.
389 2759 427 2812 Ex
446 2773 522 2834 parte
540 2757 649 2813 Maielli.
665 2751 700 2798 -ss
718 2757 793 2810 Iade.
834 2757 1338 2832 Auxima.Hispaniaeurbs‚quoecarlem

291 2841 329 2891 Ex
341 2851 416 2910 parte
432 2839 549 2893 Sertorii.
567 2837 699 2892 Herculeii
715 2836 794 2908 hujus
836 2860 895 2894 cum
907 2841 1006 2894 Uxama
1017 2859 1072 2893 esse
1082 2839 1193 2905 videtur,
1202 2837 1283 2891 bodie
1295 2839 1339 2890 Os·

293 2921 398 2994 quidam
410 2921 504 2974 fratrea
514 2933 599 2974 crant.
835 2939 879 2971 mc
886 2957 895 2984 ,
908 2920 936 2971 in
946 2921 1078 2973 Arevacis.
1093 2949 1128 2958 —
1143 2917 1284 2992 Calapurir.
1296 2915 1338 2968 ad

328 3015 352 3070 7.
366 2999 511 3076 Segouiam.
523 2997 622 3050 Urbem
632 2999 659 3049 in
669 2997 796 3047 Tarraco·
836 2999 941 3053 Iberum
954 2999 1011 3050 rita.

292 3082 366 3134 ncnri
383 3081 519 3154 Hispania.
536 3107 570 3116 -
586 3077 682 3129 Arcam.
704 3075 796 3145 Hispa·
875 3095 915 3132 ιο.
941 3079 975 3131 Ut
995 3078 1196 3150 triumpharent.
1220 3079 1287 3130 Nam
1306 3095 1337 3128 cx

292 3157 465 3214 nioefluvium.
473 3153 797 3227 -Lauronemarquesu-
834 3159 956 3214 civilibus
967 3159 1043 3212 bellis
1053 3179 1107 3212 non
1116 3157 1336 3230 triumphabatur.

292 3261 405 3296 crottam.
433 3241 564 3313 Hispaniae
591 3235 796 3290 Tarraconensis
836 3241 903 3293 Hinc
928 3241 1050 3293 Lucanus
1074 3241 1205 3311 principio
1230 3240 1335 3310 operis:

292 3323 320 3374 fl.
331 3353 366 3364 --
378 3321 525 3392 AEquaverc
535 3315 630 3370 clades.
643 3313 682 3366 lbi
694 3312 797 3384 singula
840 3345 851 3367 ι
861 3318 933 3372 Belia
942 3321 998 3394 geri
1007 3319 1107 3392 placuit
1116 3317 1203 3370 aulica
1214 3315 1336 3369 habitura

293 3421 325 3454 ex
337 3413 450 3470 utraque
463 3399 519 3449 acic
534 3412 635 3448 cornua
649 3395 777 3444 vicerunt.
840 3399 1016 3471 «triumphos.
1027 3421 1039 3445 ι
1052 3429 1088 3438 -
1099 3397 1198 3450 Bellum
1210 3397 1338 3449 Sertoria.

329 3487 430 3546 alitis.
438 3485 547 3540 Sertorii
554 3479 796 3538 militum-His.
837 3497 900 3530 num
912 3477 994 3530 multa
1014 3495 1072 3529 cnm
1090 3475 1168 3529 laude
1182 3475 1337 3546 descripsit,

294 3571 412 3644 Pompeii
424 3565 559 3622 militibus,
836 3556 903 3608 Hiss.
923 3555 998 3606 Rom.
1016 3551 1080 3606 libb.
1100 3555 1138 3622 fl,
1154 3555 1188 3606 ΙΙΙ
1200 3567 1226 3606 ΕΙ
1237 3556 1281 3619 lv,
1297 3551 1336 3606 Cb

328 3671 354 3726 9.
375 3647 521 3702 Domestica
535 3643 642 3718 frauda.
663 3645 684 3694 Α
703 3645 796 3696 Marco
835 3637 874 3688 Dn
890 3637 1013 3702 nnouu,
1030 3635 1068 3688 vir
1086 3633 1120 3688 aci
1135 3645 1229 3706 magna
1244 3645 1337 3699 natus,

292 3731 411 3786 Antonio
428 3740 455 3782 ει
470 3725 507 3778 Μ,
523 3727 654 3796 perperna
665 3724 692 3772 in
706 3721 795 3772 couvi.
835 3733 913 3785 quem
929 3731 1032 3766 coccvnu
1050 3726 1076 3766 et
1095 3710 1231 3786 popularis
1243 3709 1338 3762 aufto-

289 3815 333 3866 ,ἰο
345 3814 500 3867 interfectus
515 3807 573 3860 fui,¹
585 3833 621 3844 ..
633 3803 708 3856 Victo
722 3801 794 3854 dedi.
835 3795 893 3846 nina
909 3791 943 3844 ab
957 3795 1049 3866 iniquo
1059 3789 1170 3845 Voitarii
1179 3791 1241 3844 odio
1253 3787 1336 3842 vindi-

290 3903 368 3964 roque
374 3891 513 3964 Perperna.
524 3886 578 3956 Qui
587 3883 695 3935 Sertorii
704 3892 793 3951 partes
834 3874 911 3940 cavit,
921 3885 947 3924 et
956 3874 1032 3943 cujus
1042 3870 1125 3924 nobili
1135 3871 1209 3924 farnae
1224 3889 1252 3922 sc
1260 3886 1337 3940 pam

291 3972 435 4024 tutabatur.
448 3999 483 4009 -
495 3967 566 4022 Osca.
580 3961 649 4016 Urba
662 3961 794 4032 Hispania
834 3953 862 4004 iu
876 3953 984 4006 summis
999 3950 1170 4026 dignitatibus
1183 3947 1263 4002 bodie
1278 3965 1337 4020 pro-

289 4049 508 4102 Tarrcconenris.
528 4074 563 4085 -
583 4043 694 4094 Tenues.
714 4036 794 4089 Celti-
834 4031 899 4084 bant
910 4031 1010 4104 posteri
1025 4048 1079 4083 nnn
1090 4027 1241 4100 degeneret.
1254 4025 1298 4077 En.

743 4239 883 4258 μ
