3156 4950
359 479 418 568 196
679 479 716 541 n.
739 475 894 541 luunt
918 475 1064 543 mom

353 599 613 674 Celtiberorum
630 597 862 700 quadraginta
875 597 1024 671 millium
1040 602 1233 698 eaercitum
1251 624 1316 697 per
1334 626 1395 672 an·

352 741 416 787 nos
433 714 701 815 quatuordecim
718 711 792 786 sola
810 718 988 803 sustinuit;
1009 739 1075 784 nec
1094 717 1254 786 sustinuit
1267 714 1393 805 modo,

352 829 430 920 sed,
441 833 579 927 (saevius
588 829 803 930 aliquanto),
813 829 979 928 perculit,
990 828 1235 929 pudendisque
1245 829 1392 902 loederi-

352 944 417 1017 bus
436 944 568 1018 alfecit.
585 947 781 1018 Novissime
796 969 906 1042 quum
925 947 1093 1016 invictam
1111 969 1185 1016 esse
1199 959 1391 1032 constaret,

318 1071 334 1124 3
352 1085 441 1158 opus
458 1085 600 1159 quoquc
615 1085 658 1130 eo
672 1057 755 1147 fuit,
772 1061 833 1156 qui
847 1057 1100 1156 Carthaginem
1113 1073 1297 1130 everterat.
1312 1062 1392 1130 Non

350 1189 499 1265 temere,
510 1179 538 1245 si
550 1173 655 1246 fateri
665 1170 765 1262 licet,
777 1171 880 1245 ullius
890 1199 1010 1246 caussa
1019 1171 1104 1244 belli
1118 1175 1290 1271 injustior.
1300 1174 1392 1271 Segi·

350 1288 491 1378 denses,
501 1293 614 1360 socios
624 1307 660 1360 et
669 1291 958 1386 consanguineos,
971 1291 1215 1361 Romanorum
1230 1286 1391 1359 manibus

315 1399 487 1501 ielapsos
509 1417 746 1500 exceperant:
775 1400 895 1474 habita
916 1429 983 1502 pro
1006 1407 1054 1473 eis
1075 1401 1281 1500 deprecatio
1301 1400 1391 1473 nihil

348 1515 467 1588 valuit.
479 1517 600 1608 Quum
613 1542 648 1587 se
660 1514 706 1586 ab
720 1519 817 1586 omni
829 1513 1005 1589 bellorum
1016 1521 1226 1616 contagione
1238 1543 1392 1590 remove·

349 1649 438 1723 rent,
445 1634 480 1703 in
488 1630 1035 1732 legitimifoederispretiumjussi
1046 1665 1060 1696 u
1070 1634 1385 1732 armadcponere.n

349 1747 429 1817 Hoc
445 1749 494 1818 sic
512 1773 533 1818 a
547 1745 709 1818 Barbaris
725 1763 931 1845 acceptum,
949 1753 1047 1847 quasi
1065 1773 1189 1820 manus
1205 1747 1390 1821 abscinde-

348 1877 480 1933 rentur.
503 1871 625 1961 Itaque
645 1865 781 1951 statim,
804 1864 949 1962 Megara
969 1868 1046 1936 viro
1067 1862 1258 1935 fortissimo
1280 1862 1388 1952 duce,

349 1974 394 2047 ad
410 2003 509 2048 arma
525 1982 702 2067 conversi,
718 1980 928 2076 Pompeium
945 1978 1067 2079 praelio
1085 1983 1245 2078 aggressi.
1261 1979 1389 2052 Foedus

314 2103 465 2166 stamen
482 2091 699 2184 maluerunt,
722 2121 833 2195 quum
851 2094 1029 2169 debellare
1048 2099 1251 2193 potuissent.
1269 2096 1387 2166 Hosti·

347 2205 433 2279 lium
446 2208 575 2282 deinde
583 2213 806 2282 Mancinum:
821 2209 915 2282 hunc
925 2235 1068 2312 quoque
1078 2209 1222 2282 assiduis
1235 2207 1388 2319 caedibus

347 2328 396 2395 ita
405 2323 633 2424 subegerunt,
644 2342 682 2398 ut
692 2353 737 2398 ne
747 2325 868 2401 oculos
877 2327 1023 2427 quidem
1033 2342 1094 2398 aut
1102 2351 1228 2397 vocem
1236 2328 1389 2396 Numan·

313 2457 330 2512 6
347 2440 412 2508 tini
426 2443 491 2510 viri
505 2443 690 2538 quisquam
706 2446 900 2514 sustineret.
915 2443 1052 2514 Tamen
1066 2466 1148 2513 cum
1162 2439 1232 2513 hoc
1247 2461 1388 2539 quoque

347 2550 463 2624 foedus
484 2553 658 2644 maluere,
682 2561 837 2628 contenti
861 2582 1043 2629 armorum
1066 2553 1258 2643 manubiis,
1277 2577 1386 2652 quum

348 2666 395 2739 ad
410 2671 688 2742 internecionem
703 2675 823 2744 saevire
836 2677 1039 2769 potuissent.

383 2849 406 2882 a.
421 2832 722 2906 Aunosquutuorrlecim.
737 2834 846 2902 Strabo,
887 2855 994 2904 omnes,
1018 2851 1128 2908 excepto
1150 2831 1247 2907 Hyele,
1271 2842 1385 2883 tuentur.

346 2911 392 2964 lib.
404 2913 441 2963 ΙΙΙ
448 2949 456 2978 ,
468 2931 530 2983 pag.
544 2914 609 2978 162,
623 2913 720 2966 bellum
732 2913 846 2967 Celtibe·
886 2917 979 2969 Maluit
986 2919 1115 2981 Graevius,
1124 2913 1271 2966 vulneribus
1280 2909 1385 2984 affecit.-

346 2993 447 3059 ricum‚
471 3011 524 3062 qno
550 2993 629 3044 etiam
653 2995 847 3046 Numantinum
887 3013 944 3066 quae
964 3009 994 3046 ut
1015 2997 1121 3046 minime
1139 2990 1331 3064 improbanda,
1350 2991 1386 3040 ita

345 3069 565 3143 comprehendit,
582 3074 674 3143 viginti
694 3089 777 3125 annos
796 3072 847 3124 du·
886 3085 1043 3140 tamennon
1057 3087 1251 3146 usquequaque
1267 3085 1386 3121 necessa-

345 3150 846 3204 rasseacribit.dtcumaolaNumautia
885 3156 924 3206 ria
936 3153 1023 3206 lectio.

344 3247 379 3280 ne
403 3229 605 3300 quatuordeeim
628 3230 736 3304 quidem
761 3249 846 3284 annos
922 3231 946 3283 3.
958 3234 1071 3284 Temere.
1082 3225 1384 3301 Facile.-Seqidenres.

345 3308 453 3362 durasse
459 3323 573 3377 constat,
579 3329 668 3364 verum
677 3324 737 3364 octo
744 3312 845 3364 solum·
885 3311 949 3364 Tres
961 3309 1023 3364 Pall.
1036 3310 1197 3384 Seqalentes:
1210 3306 1286 3358 male.
1303 3371 1308 3384 .

345 3384 433 3437 modo.
453 3415 489 3426 -
507 3388 606 3442 Sevius
625 3386 768 3460 aliquanto.
792 3393 844 3444 llas
920 3393 945 3458 4.
956 3392 1053 3444 Habita
1063 3408 1112 3464 pro
1121 3387 1384 3458 eisdeprecatio,etc.

345 3463 411 3515 duas
420 3483 551 3530 vocea‚ex
560 3481 647 3519 mente
657 3481 687 3519 nt
695 3467 774 3522 credo
783 3487 844 3522 aue·
885 3471 1004 3536 Scilicet,
1025 3469 1062 3523 nil
1080 3464 1186 3521 valuere
1206 3467 1385 3518 Numantino·

344 3544 425 3607 toris,
442 3544 630 3614 parentheseos
644 3548 725 3617 signis
739 3549 843 3602 inclusi.
884 3567 941 3601 rum
955 3567 1048 3620 preces
1061 3564 1110 3620 pro
1123 3543 1299 3620 Segidensibm
1314 3539 1386 3614 apud

344 3625 390 3674 Est
406 3640 484 3694 ergo,
501 3641 532 3676 ac
548 3624 675 3696 allegas:
691 3625 759 3688 Sed,
775 3630 846 3701 quod
884 3628 1025 3681 Romanoa.
1041 3627 1074 3678 Et
1088 3639 1250 3697 quamquam
1266 3620 1385 3673 Numan·

343 3703 432 3755 soevius
458 3702 611 3776 aliquante,
636 3703 766 3776 perculit,
793 3721 842 3758 etc.
884 3708 932 3758 tini
944 3725 972 3759 se
984 3723 1088 3778 semper
1098 3705 1132 3757 ab
1145 3705 1217 3755 omni
1227 3700 1385 3770 contagione

342 3783 430 3836 Τιηι.
444 3785 492 3836 Cui
504 3784 610 3857 quidem
623 3784 775 3837 doctissimo
789 3788 843 3840 viro
884 3785 947 3838 ltelli
958 3801 1052 3839 contra
1063 3788 1198 3838 Romanos
1209 3793 1343 3847 tenerent,
1357 3779 1385 3831 hi

342 3861 386 3916 hie
398 3865 476 3936 plane
488 3865 843 3920 assentimus-Pudendis·
883 3879 971 3919 tamen
986 3884 1018 3919 ea
1030 3867 1089 3938 lege
1103 3863 1269 3919 solummodo
1283 3859 1344 3913 illos
1358 3861 1383 3911 in

341 3959 391 4013 que
398 3943 538 4014 federibus
550 3943 651 4018 affecit.
664 3945 731 3998 Mire
742 3943 842 3997 dietum
882 3944 1025 4018 legitimum
1034 3945 1282 4016 loedusreoepturoe
1290 3938 1385 3992 esseti-

341 4021 476 4087 foeden'bus
486 4025 592 4098 affecit,
607 4045 660 4079 non
673 4039 760 4078 umen
772 4043 841 4097 pra-
881 4023 1055 4094 gnifleabant,
1065 4025 1086 4076 si
1096 4041 1168 4074 arma
1179 4021 1383 4091 deponerentur.

339 4113 381 4151 ter
399 4102 553 4173 analogiam.
572 4106 665 4177 ltaque
686 4105 840 4158 servandam
915 4103 941 4156 fu
955 4104 1096 4156 Annonam
1112 4101 1251 4155 manubiis.
1268 4100 1330 4151 Non
1345 4099 1384 4148 in·

341 4179 518 4232 eeuseohaue
531 4181 776 4255 lectionem‚quam
786 4183 841 4236 MS.
882 4181 971 4250 telligo
992 4197 1048 4250 qne
1068 4181 1120 4232 sint
1141 4195 1275 4232 armorum
1293 4193 1385 4230 mana
1465 4226 1468 4234 .
1540 4163 1541 4187 ¹
