3102 4942
194 459 198 466 ’
307 495 346 570 42
599 484 750 548 ruunx
773 483 1059 548 anrrrouuu

420 623 531 692 quarto
542 607 676 667 thesauri
687 609 790 688 Antiq.
801 609 889 667 Rom.
900 607 1056 667 Graeviani
1064 653 1072 682 ,
1081 630 1111 690 p.
1123 611 1208 692 1807,
1220 613 1252 672 in
1263 627 1350 674 tomo

420 708 478 784 XI,
492 728 523 788 p.
541 705 631 780 13833
646 706 721 766 etin
735 705 841 766 Uberti
852 703 978 765 Foliette
990 705 1072 765 libro
1088 708 1225 769 secundo
1239 710 1277 771 de
1290 710 1351 772 Iin-

420 825 488 887 guae
496 805 613 865 Latinae
621 825 721 864 usuac
732 805 902 886 praestantia
911 807 1000 865 Rom.
1009 803 1094 888 1574,
1105 808 1189 884 ins,
1198 810 1348 871 etHamb.

427 923 517 983 1722,
532 902 602 962 ins.
616 923 646 984 p.
664 900 736 976 1543
750 903 783 960 in
798 900 1025 982 Arithmologia
1039 901 1199 964 Athanasii
1214 905 1350 968 Kircheri

420 1004 508 1061 Rom.
523 1003 611 1077 1665,
622 997 694 1075 ind.
703 1021 733 1082 p.
745 1001 798 1075 333
809 1001 943 1083 denique
953 1003 1141 1079 accuratius,
1151 1020 1278 1066 curante
1286 1008 1351 1066 Pei-

421 1100 514 1160 rescio
529 1120 668 1181 expressa
684 1119 756 1159 cum
768 1100 890 1160 Gomm.
903 1100 1019 1182 Gangis
1031 1101 1158 1179 Gozzei,
1179 1118 1200 1164 t.
1217 1104 1257 1162 IX
1273 1101 1349 1164 thes.

422 1195 531 1270 Italiae,
542 1196 575 1256 Ρ.
584 1197 669 1270 VIII,
681 1197 776 1258 latine
786 1199 878 1258 versis
886 1196 1062 1258 Abrahamo
1074 1199 1234 1280 Preigero,
1247 1219 1283 1259 ex
1292 1201 1351 1260 Ita-

421 1293 489 1355 licis
499 1295 588 1354 Rom.
602 1295 687 1370 1635,
698 1293 782 1371 iu-d,
792 1295 906 1356 discorsi
915 1315 1000 1378 sopm
1013 1293 1196 1357 l'rnscritione
1204 1295 1279 1356 della
1290 1298 1349 1358 Go-

421 1393 513 1456 lonna
531 1397 676 1456 Rostrata.
702 1393 916 1455 Conferendus
933 1396 1027 1455 etiam
1046 1397 1095 1455 Jo.
1115 1396 1181 1457 Nic.
1199 1397 1350 1456 Funccius

419 1492 498 1552 libro
513 1491 551 1552 de
566 1491 698 1573 pueritia
710 1493 838 1572 Linguae
849 1494 982 1568 Latinae,
995 1492 1155 1574 Marburg.
1169 1513 1257 1574 1720,
1273 1491 1348 1567 ind,

419 1610 485 1671 cap.
497 1589 542 1664 5.)
555 1590 642 1648 Hanc
652 1587 832 1649 columnam
844 1588 980 1671 populus
991 1591 1078 1650 Rom.
1091 1589 1279 1650 consecravit
1288 1609 1348 1648 me·

417 1688 527 1747 moriae
548 1687 581 1747 C.
601 1685 727 1761 Delllii,
748 1688 803 1767 qui
824 1687 927 1770 primo
948 1686 1030 1747 bello
1050 1689 1168 1748 Punico
1188 1689 1349 1747 victoriam

419 1784 561 1845 navalem
579 1787 613 1845 A.
624 1786 661 1845 U.
675 1785 709 1846 C.
720 1783 797 1866 493,
813 1787 931 1867 primus
945 1807 964 1846 a
978 1787 1081 1845 Poenis
1093 1788 1270 1868 reportavit.
1285 1787 1349 1844 Mc·

419 1896 521 1943 morat
534 1881 779 1960 Quinctilianus,
792 1883 865 1944 inst.
880 1883 934 1944 Or.
948 1883 1003 1943 lib.
1020 1883 1034 1941 Ι
1051 1904 1117 1966 cap.
1136 1903 1164 1963 7,
1178 1903 1207 1964 p.
1223 1883 1272 1963 87,
1286 1879 1351 1942 lite·

420 2001 486 2040 ram
504 1981 531 2040 D
549 1981 693 2062 plurimis
711 1981 811 2041 verbis
828 1980 904 2040 olim
920 1980 1063 2040 ultimam
1080 1976 1246 2059 adjectam,
1263 1976 1349 2059 quod

419 2075 572 2157 hodieque
590 2078 623 2135 in
642 2075 724 2137 illius
743 2075 890 2137 columna
908 2090 1019 2159 ectypo
1042 2073 1298 2158 deprehenditur,
1316 2089 1350 2134 ut

417 2174 613 2256 pupnandod,
630 2173 804 2249 dr'ctatored,
819 2173 915 2248 nltod,
935 2173 1047 2248 mariti,
1065 2171 1206 2245 norroled,
1221 2171 1349 2253 proednd.

407 2261 537 2333 ¹Mentio
550 2270 643 2353 hujus
659 2273 811 2334 columnae
828 2275 920 2333 etiam
938 2295 988 2356 ap.
1006 2272 1145 2333 Plinium
1163 2271 1298 2349 XXXIV,
1314 2271 1348 2344 53

290 2417 294 2426 .
420 2370 528 2430 Silium
539 2372 598 2446 VI,
611 2371 686 2445 6633
699 2374 822 2434 Sextum
835 2370 952 2432 Rufum
964 2373 997 2430 in
1009 2369 1215 2454 descriptione
1226 2371 1349 2442 Romae,

332 2493 337 2500 ·
422 2471 546 2549 regione
555 2471 636 2532 VIII.
648 2473 799 2532 Caeterum
815 2469 996 2532 columnam
1007 2483 1171 2532 rostratam
1183 2490 1248 2530 non
1264 2469 1350 2528 illam

420 2569 519 2648 ipsam
530 2579 664 2629 veterem
676 2568 885 2643 Duilliauam,
899 2589 994 2649 quam
1009 2581 1110 2628 totam
1126 2565 1166 2628 ad
1178 2568 1276 2626 imum
1290 2563 1350 2623 ful-

420 2665 503 2724 mine
515 2663 680 2724 discussam
693 2667 797 2726 Livius
808 2667 908 2742 XLII,
923 2687 977 2741 00,
989 2679 1128 2740 testatur,
1140 2663 1192 2725 sed
1203 2661 1268 2743 ejus
1279 2661 1349 2722 Ioco

420 2759 531 2836 aliam,
549 2761 602 2821 diu
616 2775 687 2844 post
701 2762 754 2822 illa
770 2776 912 2847 tempora
924 2762 1112 2838 restitutam,
1128 2773 1159 2822 et
1173 2762 1210 2821 A.
1224 2761 1257 2820 0.
1275 2759 1350 2824 1560

420 2860 525 2919 Romae
537 2852 570 2919 iu
581 2859 652 2920 foro
665 2860 743 2921 inter
752 2883 859 2922 arcum
871 2860 1010 2942 Septimii
1019 2872 1050 2920 et
1061 2859 1206 2942 Capitolii
1216 2856 1351 2918 radicem

419 2955 564 3018 effossam
584 2956 679 3020 hodie
702 2959 803 3020 adhuc
824 2980 994 3043 superesse,
1014 2959 1075 3018 viri
1094 2959 1177 3018 docti
1196 2979 1261 3018 non
1283 2958 1350 3016 aine

418 3056 684 3119 verisimilitudine
712 3059 916 3142 suspicantur.
938 3057 1016 3120 Vide
1045 3055 1202 3119 SIrmondi
1228 3057 1349 3138 Opera,

421 3168 442 3212 t.
453 3153 505 3228 IV,
516 3175 546 3236 p.
561 3156 629 3237 587,
641 3155 715 3237 5983
729 3170 759 3217 et
769 3158 833 3217 Pet.
843 3157 1015 3218 Burmanni
1027 3155 1145 3238 praefat.
1156 3153 1194 3214 ad
1206 3166 1282 3212 tom.
1293 3152 1349 3226 IX,

419 3264 538 3333 partem
559 3255 601 3313 VI
619 3254 754 3316 thesauri
772 3255 884 3331 Italiae,
905 3277 977 3337 pag.
999 3275 1047 3315 aa.
1069 3255 1114 3314 De
1138 3252 1205 3312 aliis
1229 3249 1350 3310 duabus

420 3349 566 3408 Rostratis
586 3351 739 3411 columnis
757 3352 834 3412 Iulii
853 3353 980 3412 Caesaris
997 3349 1148 3410 videndus
1167 3347 1288 3406 Servius
1309 3343 1350 3405 ad

420 3444 560 3527 Georgic.
580 3450 641 3524 III,
667 3470 723 3530 29,
745 3449 845 3510 novoli
865 3462 1011 3532 summes
1033 3469 1088 3508 tere
1107 3445 1265 3509 columnus.
1292 3445 1350 3504 00-

421 3542 529 3603 Iumna
543 3559 673 3607 rostrata
690 3548 722 3608 in
734 3569 832 3610 numo
848 3549 975 3631 Augusti
992 3570 1041 3632 ap.
1056 3547 1228 3622 Goltzium,
1243 3543 1348 3605 tabula

421 3643 538 3706 XLVII.

307 3737 379 3798 16113
420 3740 500 3801 Cum
509 3746 592 3804 notis
604 3745 653 3805 Jo.
666 3744 799 3808 Minelli.
811 3749 923 3822 Amet,
937 3748 1029 3806 inda.

305 3835 379 3896 16116
421 3839 500 3898 011111
515 3843 597 3902 notis
610 3844 648 3905 Is.
669 3843 804 3904 Pontani
822 3855 852 3903 et
863 3843 954 3904 variis
968 3842 1049 3904 lectt.
1065 3845 1114 3903 Jo.
1132 3835 1348 3910 Freinshemii,

422 3956 484 3997 acc.
501 3937 714 4022 chronologia
727 3955 757 4001 et
770 3939 875 4000 Index.
890 3943 986 4022 Hagae
999 3943 1103 4014 Com,
1115 3939 1209 3998 111-10.

306 4031 379 4110 1690
420 4035 453 4094 L.
474 4037 507 4096 A.
527 4036 635 4098 Florus
654 4059 726 4098 cum
745 4037 890 4118 Epitoma
909 4040 1054 4112 Liviana,
1075 4059 1109 4098 ex
1129 4056 1242 4096 recens.
1260 4035 1296 4094 N.
1315 4035 1346 4092 B.

423 4133 505 4206 (Nic.
529 4134 719 4210 Blancardi.)
746 4135 900 4196 Accedunt
923 4137 969 4196 01.
992 4135 1131 4198 Salmasii
1155 4133 1348 4210 aliorumque
