3108 4956
340 426 402 492 362
680 428 817 493 LUCll
840 429 1047 494 AMPELll

340 546 411 621 dux
425 553 548 622 missus
561 547 734 648 Regulum
752 553 858 650 cepit.
876 549 1071 650 Agesilaus,
1091 543 1188 650 eujus
1203 557 1391 628 inventum

341 685 408 758 est,
424 670 459 740 in
472 665 608 758 hostili,
620 694 729 768 quarn
741 672 779 740 in
793 693 855 742 sna
868 687 977 760 terra,
990 691 1165 768 pugnare3
1182 667 1336 770 ideoque
1350 677 1391 744 in

339 787 459 857 Asiam
477 788 619 875 missus,
636 799 771 859 vastata
787 811 975 886 ea,·quum
985 784 1062 886 jam
1073 791 1161 887 Regi
1170 791 1389 878 immineret,

341 917 525 974 revocatus
540 899 769 975 Athenienses
786 901 884 1001 apud
902 913 927 948 ¹⁶
942 903 1138 976 Crotonem
1152 905 1246 974 vicit.
1262 907 1391 975 Postea

341 1013 439 1112 apud
455 1015 658 1090 Corinthios
673 1015 790 1106 flevit,
805 1015 1044 1117 qnod-decem
1058 1015 1170 1092 millia
1180 1013 1391 1090 Grmcornrn

342 1132 458 1206 occisa
476 1136 712 1230 cognovisset,
728 1159 794 1206 nec
807 1132 922 1206 voluit
934 1130 1146 1209 Corinthum
1168 1131 1391 1233 ”delegem

342 1266 453 1346 quum
470 1264 598 1344 posset.

342 1499 1012 1548 &mmmmmfflw
1019 1523 1391 1548 fflmmu

821 1729 916 1805 XV.

462 1980 781 2056 CLARISSIMI
806 1983 979 2061 REGES
1005 1983 1074 2056 ET
1099 1981 1275 2056 DUCES

648 2098 1086 2172 ATHENIENSIUM.

393 2347 550 2446 Cecrops
562 2373 641 2436 rex,
655 2352 717 2448 qui
728 2346 857 2422 urbem
869 2345 1030 2438 condidit
1039 2343 1213 2438 Athenas,
1226 2361 1262 2420 et
1275 2370 1318 2417 ex
1329 2369 1392 2414 suo

327 2465 489 2532 'nomine
511 2461 728 2561 Cecropidas
752 2461 945 2562 appellavit
967 2465 1072 2534 cives.
1097 2461 1198 2536 Idem
1218 2454 1394 2546 fabulose,

345 2579 429 2673 quia
444 2573 609 2678 indigena
623 2575 706 2670 fuit,
722 2577 768 2650 ab
785 2578 987 2678 inguinibus
999 2604 1143 2676 serpens
1158 2575 1263 2648 fuisse
1276 2597 1395 2646 narra-

344 2706 413 2764 tur.
424 2691 675 2766 Erichthonius
684 2720 762 2786 rex,
773 2697 834 2796 qui
844 2699 1013 2795 mysteria
1021 2688 1193 2777 Eleusinae
1203 2691 1393 2762 constituit.

345 2801 473 2881 Celeus
500 2836 583 2882 cum
607 2808 787 2885 ¹Euholeo
809 2810 1010 2901 sacerdote,
1038 2807 1178 2882 filiabus
1203 2803 1395 2906 virginibus

346 2926 528 3018 ministris,
548 2924 781 3026 Treptolemo
795 2926 939 3028 frugum
952 2924 1139 3026 praeleet03
1155 2927 1217 3024 qni
1234 2921 1329 2995 fame
1343 2918 1395 2992 ln-

344 3041 535 3116 borantem
568 3047 745 3118 Graeciam
779 3042 989 3117 circumlato
1022 3040 1201 3114 frumento
1233 3039 1394 3111 restituit

345 3155 507 3250 Pandion
528 3185 608 3250 rex,
627 3162 689 3258 qui
710 3158 800 3245 filias
820 3185 898 3234 suas
921 3158 1084 3240 Procnen
1104 3143 1141 3236 et
1162 3145 1396 3230 Philomelam

346 3270 510 3346 Thraciae
522 3257 664 3373 regibus
679 3275 844 3365 tradidit,
858 3291 899 3347 ut
911 3272 1083 3347 barbaras
1095 3271 1162 3345 sihi
1175 3286 1297 3370 gentes
1312 3263 1397 3340 adfi-

347 3391 457 3460 nitate
469 3375 639 3467 sociaret.¹
648 3384 822 3482 Theseus,
836 3385 938 3489 AEg'ei
953 3385 1062 3482 lilius,
1077 3389 1139 3488 qui
1151 3387 1397 3466 Minotaurum

346 3501 534 3575 interfecit.
551 3503 838 3604 Demophontes,
862 3504 936 3604 ejus
953 3503 1062 3597 filius,
1082 3507 1144 3604 qui
1165 3527 1248 3574 cum
1265 3499 1397 3572 Grecis

346 3615 451 3691 llium
465 3622 689 3724 expugnavit.
708 3621 848 3696 Codrus
861 3647 939 3712 rex,
954 3627 1016 3723 qui
1030 3648 1097 3721 pro
1113 3617 1225 3695 solute
1240 3633 1276 3691 et
1288 3617 1398 3690 victo·

346 3739 399 3808 ria
417 3739 556 3834 patria,
571 3735 766 3810 secundum
782 3736 967 3812 oraculum
983 3733 1172 3836 Apollinis,
1188 3730 1285 3805 bello
1299 3727 1398 3801 Pelo-

386 3937 424 3974 m
452 3920 595 3982 Catonem.
621 3927 773 3980 Coroneum.
798 3928 851 3980 Xe·
927 3927 988 3979 Cir.
1006 3925 1065 3976 XV.
1083 3953 1119 3964 -
1141 3939 1162 3974 r.
1185 3923 1250 3975 Cum
1271 3914 1397 3971 Bubulco.

347 4001 852 4078 ¹¹⁰Pl¹JVaGM=3tG⁰mPlcpAEge=
891 4008 962 4058 Port.
980 4001 1122 4078 Emolpo.
1138 3999 1216 4054 Unde
1230 3993 1400 4066 Eumolpidoe

348 4077 474 4134 sillVet
487 4083 541 4136 alii.
891 4081 978 4174 apud.
991 4081 1173 4134 Athenienses.
1207 4077 1269 4130 Viri.
1298 4075 1398 4128 Mean.

388 4175 426 4221 tt·
441 4159 575 4236 Delegare.
588 4161 779 4244 uetmgreriz.
891 4162 1008 4216 Eleusin.
1024 4179 1084 4233 cap.
1103 4177 1142 4212 rr.
