3156 4950
181 611 184 618 Ι
291 531 352 594 232
613 529 650 592 1..
674 528 833 592 suunt
857 527 1003 592 suoru

491 1171 713 1310 BEbLUM
744 1238 1135 1312 BAIAEARqu't

264 1528 275 1562 1
341 1485 524 1574 Quatenus
537 1483 672 1559 Metelli
690 1483 915 1558 Macedonici
931 1485 1059 1558 domus
1074 1483 1210 1559 bellicis
1226 1487 1335 1559 nomi·

293 1599 397 1674 nibus
413 1618 629 1695 assueverat,
648 1599 759 1676 altero
779 1629 821 1674 ex
838 1601 958 1676 liberis
979 1603 1053 1702 ejus
1072 1603 1203 1675 Cretico
1222 1601 1336 1692 facto,

294 1739 397 1786 mora
405 1741 478 1788 non
487 1714 569 1808 fuit,
583 1722 668 1817 quin
681 1717 921 1817 alterquoque
932 1716 1130 1790 Balearicus
1140 1732 1336 1790 vocaretur.

264 1865 279 1901 ι
295 1827 457 1902 Baleares
468 1855 534 1928 per
545 1829 642 1903 idem
652 1846 792 1929 tempus
808 1829 928 1902 insulae
941 1835 1091 1929 piratica
1108 1829 1207 1902 rabie
1222 1853 1339 1901 corru-

295 1962 423 2043 perant
440 1949 564 2018 maria.
582 1947 754 2020 Homines
775 1945 869 2020 feros
890 1963 996 2047 atque
1014 1945 1184 2019 silvestres
1202 1949 1339 2016 mireris

262 2075 399 2132 3aus0s
424 2088 446 2134 a
469 2059 622 2160 scopulis
644 2065 714 2134 suis
737 2058 861 2134 saltem
885 2067 999 2136 maria
1023 2064 1237 2160 prospicere.
1262 2057 1339 2130 Ad-

297 2173 467 2249 scendere
497 2181 604 2248 etiam
631 2177 827 2250 inconditas
854 2194 969 2267 rates,
1001 2193 1037 2249 et
1065 2177 1342 2275 praenavigantes

264 2327 282 2376 4
297 2287 449 2362 subinde
459 2294 642 2389 inopinato
656 2297 793 2391 impetu
804 2306 973 2364 terruere.
991 2288 1062 2364 Sed
1077 2315 1188 2388 quum
1203 2291 1343 2360 venien·

299 2421 373 2478 tem
387 2405 432 2478 ab
446 2405 517 2480 alto
529 2410 727 2480 Romanam
739 2406 885 2481 classem
897 2411 1174 2507 prospexissent,
1184 2403 1343 2504 praedam

299 2535 486 2619 putantes,
517 2527 591 2594 ausi
619 2528 726 2596 etiam
753 2550 965 2612 occurrere3
998 2540 1033 2595 et
1062 2526 1179 2622 primo
1206 2524 1343 2617 impetu

301 2639 435 2735 ingenti
453 2634 613 2734 lapidum
632 2664 867 2737 saxorumque
885 2636 1008 2710 nimbo
1028 2636 1174 2709 classem
1194 2659 1344 2732 operue-

267 2766 284 2820 5
300 2767 394 2822 runt.
409 2750 538 2823 Tribus
549 2756 696 2852 quisque
709 2752 827 2826 fundis
838 2752 1028 2852 praeliatur.
1043 2754 1168 2824 Certos
1182 2775 1254 2822 esse
1266 2751 1344 2848 quis

303 2869 452 2940 miretur
478 2869 589 2957 ictus,
615 2893 726 2967 quum
750 2865 825 2940 baec
850 2865 925 2942 sola
947 2871 1043 2966 genti
1069 2891 1169 2940 arma
1195 2869 1283 2954 sint,
1308 2859 1347 2934 id

303 3007 413 3054 unum
428 2980 474 3054 ab
488 2981 636 3055 inlantia
654 2982 829 3056 studium?
847 2981 978 3055 Cibum
995 3007 1086 3081 puer
1104 3007 1125 3053 a
1143 2997 1257 3054 matre
1274 3003 1348 3051 non

269 3100 451 3195 saccipit,
474 3101 541 3169 nisi
562 3124 687 3198 quem,
709 3103 785 3197 ipsa
808 3113 1046 3188 monstrante,
1070 3099 1252 3194 percussit.
1276 3091 1347 3166 Sed

342 3345 353 3368 ⁸
366 3347 426 3399 Cir.
438 3349 504 3399 vlu.
516 3349 622 3402 Batauis
635 3365 801 3402 aasumensi.
847 3346 1009 3402 lia¹earicum
1028 3347 1244 3419 cognominatum
1264 3343 1348 3395 luisse

303 3427 335 3478 A.
350 3427 382 3477 U.
398 3427 464 3493 631,
486 3441 546 3479 aute
562 3428 695 3482 Christum
714 3444 806 3481 natum
847 3430 909 3480 totis
925 3430 1030 3480 circiter
1041 3426 1175 3494 sexaginta
1190 3423 1280 3491 annis,
1299 3441 1349 3475 an·

308 3505 371 3568 123,
384 3523 451 3558 coss.
467 3505 500 3570 Q.
514 3508 617 3558 Cacilio
631 3505 740 3559 Metello
755 3511 805 3559 Ba·
845 3523 952 3582 tequam
964 3511 1039 3580 prior
1055 3507 1099 3560 ille
1113 3506 1232 3559 Creticam
1244 3504 1348 3557 dicere·

304 3582 418 3648 learico,
430 3585 460 3635 Τ.
474 3584 600 3652 Quinctio
614 3584 750 3639 Flaminio.
765 3589 805 3640 Dc
845 3603 897 3641 tur.
905 3587 979 3640 Alter
986 3604 1049 3640 vero
1057 3599 1187 3651 errorest,
1197 3583 1271 3658 quod
1277 3582 1349 3635 hunc

303 3659 356 3715 hoc
367 3661 438 3715 bello
451 3666 520 3734 Epir.
533 3664 588 3716 Liv.
601 3665 681 3716 LXX.
845 3667 983 3720 Metellum
995 3668 1159 3720 Balearicum
1171 3664 1241 3717 illius
1250 3661 1349 3717 Metelli

343 3759 365 3794 t.
379 3742 511 3812 Quatenus
519 3741 622 3796 Metelli
629 3744 804 3810 Macedonici,
846 3746 942 3798 Cretici
956 3748 1063 3798 fratrem
1078 3745 1156 3812 dicit,
1169 3756 1195 3797 et
1207 3757 1349 3811 utrumque

305 3833 355 3876 etc.
368 3824 397 3873 ln
409 3821 532 3875 hocloco
543 3821 596 3874 duo
608 3823 753 3893 gravissimi
764 3841 807 3874 er·
846 3827 947 3880 Metelli
966 3825 1134 3879 Macedonici
1150 3825 1248 3889 filium,
1267 3840 1350 3894 quum

305 3905 494 3956 rores.Printus
502 3905 529 3956 in
537 3921 569 3956 eo
577 3918 625 3970 est,
633 3903 704 3976 quod
711 3905 744 3972 Q
753 3903 807 3956 Cn·
846 3921 949 3960 certum
958 3909 992 3959 sit
1003 3907 1141 3960 Metellum
1153 3906 1285 3958 Creticum
1296 3921 1350 3954 non

305 3983 394 4035 cilium
408 3986 544 4039 Metellum
559 3991 604 4058 qui
617 3989 721 4040 Cretam
733 3986 806 4039 devi—
846 3987 946 4041 Metelli
961 3985 1129 4040 Macedonici
1141 3987 1222 4039 luisse
1234 3983 1315 4036 lilium
1325 3995 1351 4036 et

305 4063 355 4125 cit,
377 4063 507 4116 Creticum
526 4065 626 4118 dictum
645 4067 726 4132 lacit,
745 4079 806 4118 ente
846 4080 980 4139 nepotem.
996 4069 1042 4118 En.
1058 4069 1156 4118 Dauum

307 4161 386 4215 quum
398 4142 440 4195 hic
450 4143 516 4197 alter
525 4146 646 4198 Metellus
655 4147 805 4198 balearicus
882 4145 905 4198 5.
935 4146 1052 4198 Tribus...
1067 4145 1173 4218 fundis
1194 4140 1235 4194 lid
1256 4141 1350 4194 nnsstm

307 4221 393 4276 dictus
403 4222 497 4287 luerit,
511 4241 591 4291 quum
601 4239 720 4290 constet,
732 4225 804 4278 hunc
845 4226 992 4298 longiores,
1005 4225 1046 4278 vel
1060 4225 1275 4297 propinquiores.
