3160 4948
373 556 381 568 ’
495 569 638 633 LIBER
660 567 923 636 SECUNDUS.
1169 572 1228 637 185

189 693 273 783 bus,
296 690 451 792 populus
474 695 652 764 Romanus
676 716 853 790 aggressus
876 688 1143 789 Carthaginem,
1167 717 1229 790 spe

189 811 285 906 pacis
304 807 450 904 injecta,
471 804 637 876 traditam
657 831 678 876 a
693 804 891 878 volentibus
910 803 1055 878 classem
1071 803 1135 876 snb
1152 809 1229 903 ipso

191 950 251 996 ore
260 923 358 995 urbis
370 920 536 993 incendit.
547 924 652 1011 Tum,
664 925 817 993 evocatis
828 920 1065 1019 principibus,
1083 925 1134 992 tesi
1145 919 1231 992 salvi
1265 926 1281 978 ⁸

196 1073 208 1108 a
220 1065 292 1112 esse
301 1037 447 1129 vellent,
458 1054 499 1108 ut
507 1039 699 1135 migrarent
707 1035 850 1125 finibus,
861 1069 875 1100 r
889 1040 1112 1133 imperatum.
1122 1036 1232 1126 Quod

190 1181 256 1253 pro
272 1158 324 1226 rei
338 1157 523 1226 atrocitate
535 1153 625 1225 adeo
638 1157 750 1225 movit
761 1157 844 1241 iras,
858 1168 897 1223 ut
908 1168 1063 1226 extrema
1073 1150 1229 1224 mallent.

191 1269 461 1368 Comploratum
477 1273 585 1368 igitur
598 1267 740 1366 publice
758 1271 894 1358 statim,
910 1285 946 1339 et
963 1272 1041 1365 pari
1052 1279 1140 1340 'voce
1159 1267 1231 1340 cla·
1265 1299 1282 1349 9

191 1401 325 1456 matum
342 1400 411 1472 est,
434 1383 506 1456 aad
529 1408 671 1470 armam
696 1381 855 1482 seditque
876 1387 1064 1473 sententia,
1086 1408 1231 1482 quoquo

189 1500 297 1572 modo
311 1498 553 1573 rebellandum
565 1527 572 1568 :
586 1524 659 1570 non
673 1502 756 1596 quia
767 1524 844 1596 spes
855 1497 926 1570 ulla
933 1499 1009 1598 jam
1019 1515 1231 1596 superesset,

191 1614 255 1686 sed
273 1619 356 1713 quia
371 1617 523 1713 patriam
539 1639 637 1685 suam
657 1610 803 1685 mallent
824 1610 996 1702 hostium,
1019 1639 1126 1714 quam
1144 1617 1231 1703 suis,

191 1727 355 1801 manibus
367 1732 486 1801 everti.
498 1730 570 1820 Qui
584 1726 831 1801 rebellantium
842 1726 950 1799 fuerit
961 1727 1071 1817 furor,
1081 1726 1137 1800 vel
1149 1726 1231 1799 hinc
1252 1748 1283 1785 1⁰

192 1841 337 1942 intelligi
361 1859 495 1942 potest,
515 1841 613 1943 quod
634 1846 669 1912 in
688 1866 790 1913 usum
811 1867 910 1914 novae
931 1842 1046 1915 classis
1060 1859 1154 1915 tecta
1170 1841 1231 1913 do·

190 1983 339 2058 musque
359 1958 601 2030 resciderunt:
627 1961 664 2028 in
680 1981 861 2028 armorum
882 1955 1033 2028 officinis
1052 1983 1177 2030 annun
1198 1971 1234 2028 et

192 2091 373 2173 argentum
387 2101 456 2172 pro
470 2099 538 2146 aere
552 2071 717 2172 ferroque
735 2072 927 2146 conflatum
942 2090 1009 2145 est:
1029 2077 1065 2145 in
1080 2089 1231 2146 tormen-

191 2204 308 2260 torum
318 2187 460 2260 vincula
475 2204 646 2260 matronae
662 2192 775 2259 crines
789 2213 869 2258 suos
883 2185 1116 2260 contulerunt.
1132 2189 1231 2259 Man·
1253 2214 1280 2249 ιι

193 2305 273 2394 cino
288 2301 415 2393 deinde
431 2299 590 2392 consule,
609 2319 705 2374 terra
723 2305 883 2400 marique
903 2302 1062 2375 fervebat
1081 2301 1230 2374 obsidio.

192 2417 320 2514 Operis
334 2433 457 2515 portus
472 2418 643 2506 nudatus;
658 2433 692 2490 et
707 2421 861 2515 primus,
875 2433 912 2488 et
926 2443 1092 2518 sequens,
1106 2417 1182 2516 jam
1198 2434 1234 2490 et

191 2537 311 2605 tertius
325 2560 445 2607 murus
459 2563 469 2642 ².
485 2561 595 2633 quum
613 2551 733 2607 tamon
750 2535 875 2632 Byrsa,
897 2529 995 2634 qnod
1011 2561 1141 2607 nomen
1159 2537 1232 2606 arci

225 2677 249 2729 8,
264 2679 467 2752 Comploratum.
480 2679 621 2732 Communi
634 2697 691 2730 om·
730 2678 866 2750 distinguit
873 2681 988 2751 Lipsius:
996 2680 1229 2751 fervebatobsidio,

190 2759 263 2809 nium
280 2758 468 2813 lamentatione
486 2762 619 2834 ploratum
635 2773 690 2825 est,
731 2760 813 2829 operis
824 2761 934 2830 partitis.
947 2760 1067 2812 Nudatus
1077 2759 1192 2830 primur,
1207 2769 1232 2810 et

190 2849 220 2887 ut
232 2837 258 2886 in
271 2838 420 2904 funeribus,
431 2857 513 2909 qaum
526 2857 605 2909 rogas
618 2837 691 2890 arde·
730 2855 847 2908 sequens,
858 2838 944 2908 etjam
956 2839 1044 2890 tertius
1052 2855 1148 2888 murus.
1159 2838 1233 2907 lnge·

191 2929 240 2966 ret.
253 2916 299 2966 En.
311 2920 409 2970 Danaa.
729 2919 814 2983 nicae,
823 2919 917 2983 fateor,
926 2917 1102 2982 emendatum,
1111 2919 1132 2968 si
1141 2917 1233 2968 nudari

227 3009 253 3060 9.
263 2995 385 3068 Seditque
393 2999 525 3050 muntia.
533 2997 599 3050 Vide
610 3016 690 3070 supra
730 2996 881 3067 simpliciter
890 2998 1027 3066 poninon
1036 2994 1171 3056 additare,
1180 3010 1232 3063 qna

190 3086 297 3140 notam,
311 3074 363 3148 54.
640 3117 645 3124 .
731 3077 794 3150 qaid
817 3075 949 3140 nudatur,
972 3075 1071 3128 liceret.
1092 3073 1233 3126 Freinshe-

230 3171 269 3205 ιι.
283 3155 412 3207 Mancino
430 3155 541 3209 romule.
558 3159 586 3208 L.
603 3159 691 3210 Hosti·
730 3159 798 3210 rnins
815 3158 984 3222 existimavit,
1003 3154 1152 3228 aperiebas
1170 3153 1231 3206 loco

191 3231 254 3285 liurn
278 3235 435 3288 Mancinum
460 3250 523 3288 tnnc
548 3240 690 3308 temporis,
730 3257 779 3308 pro
794 3237 912 3307 operibns
929 3237 1011 3306 poni,
1030 3248 1076 3286 ant
1091 3233 1234 3286 rescriben-

191 3313 325 3367 consulem
345 3317 427 3368 fuisse
447 3329 539 3368 contra
558 3318 690 3369 annalium
731 3316 794 3368 dum
803 3335 860 3368 csse
868 3316 992 3388 operibus.
1003 3315 1135 3367 Adversus
1145 3327 1233 3366 autam

191 3389 270 3442 iidem
282 3409 336 3456 est;
351 3394 401 3448 sed
413 3398 536 3468 proximo
548 3415 617 3449 anno
629 3411 691 3470 post
731 3395 795 3448 illud
812 3399 894 3469 operis
912 3417 961 3468 pro
981 3397 1111 3470 operibus,
1130 3409 1233 3468 pugnat

191 3471 286 3522 victam
298 3473 493 3546 Carthaginem.
506 3479 689 3548 legatnsvero
731 3494 795 3528 usus
813 3474 958 3528 latinitatis.
978 3477 1037 3526 llaec
1056 3475 1136 3527 verba
1152 3474 1234 3547 opera'r

191 3569 242 3621 pro
260 3552 360 3624 collega
379 3555 423 3626 Sp.
441 3559 576 3609 Postumio
592 3557 690 3608 Albino
729 3553 948 3625 parentandum,
957 3555 1071 3608 Graevius
1080 3556 1234 3623 interpreta-

191 3627 268 3684 datus
287 3633 337 3684 fuit
352 3634 495 3706 Calpurnio
512 3638 600 3689 Pisoni
618 3655 690 3697 cos.;
732 3645 782 3700 tur,
794 3637 921 3706 operariis
932 3638 1049 3708 privatus
1062 3649 1088 3686 et
1099 3633 1234 3686 vacuefac-

191 3723 217 3760 et
231 3710 308 3764 classi
321 3714 461 3784 prefectus
471 3716 538 3780 fuir,
552 3733 690 3788 quousque
732 3730 833 3769 tuaest.
849 3719 944 3789 Operas
958 3729 1061 3778 autern,
1075 3731 1122 3766 sea
1136 3731 1232 3784 opera-

191 3807 250 3840 eum
262 3791 349 3862 Scipio
361 3793 515 3847 AEmilianus
525 3798 636 3848 Romam
649 3814 692 3847 re·
731 3797 784 3846 rios
795 3793 838 3846 bic
852 3815 920 3847 nove
934 3790 1019 3845 diclos
1034 3805 1110 3864 putat
1123 3809 1172 3862 pro
1187 3791 1233 3842 do·

191 3868 270 3920 misit.
286 3872 343 3922 Hoc
360 3873 440 3941 igitar
455 3872 641 3939 loco‘Florus‚
660 3891 691 3924 ex
731 3871 895 3934 femoribus,
916 3887 962 3922 seu
981 3865 1230 3939 propugnatoribus.

191 3949 397 4017 consuetudine,
408 3951 628 4019 dichesmudam,
639 3971 689 4024 pro
731 3949 817 4016 Quem
836 3947 945 4019 quidem
961 3965 1066 3998 sensum
1088 3945 1232 4015 suscipiens

194 4024 279 4100 legato
289 4027 421 4080 consulari
429 4045 568 4102 potestate.
577 4031 642 4084 Vide
651 4050 692 4083 su·
733 4030 1025 4098 recentissimusTraar,
1034 4040 1059 4079 st
1069 4045 1135 4097 agre
1145 4026 1231 4082 ferens

193 4122 239 4173 pra
251 4123 309 4176 cap.
324 4105 369 4173 14,
381 4107 405 4160 5.
733 4127 822 4182 operas
835 4125 884 4178 pro
897 4107 1026 4176 operarios
1039 4105 1106 4172 dici,
1125 4108 1232 4178 conjicit

231 4201 268 4236 Η.
280 4186 369 4256 Operis
375 4201 465 4257 portus
474 4191 599 4250 nudatum
610 4199 635 4240 et
642 4190 693 4261 psi·
731 4187 862 4260 praesidiis.
874 4215 910 4226 -··
921 4187 1009 4257 Byrsa.
1021 4185 1186 4258 Carthaginis
1198 4189 1232 4240 si·

193 4279 259 4330 mas,
277 4276 327 4316 etc.
345 4267 422 4319 llunc
435 4267 524 4320 locum
540 4271 584 4339 sic
592 4266 655 4336 legit
667 4281 693 4320 et
733 4281 790 4320 turn
801 4266 939 4340 Appianas
951 4263 1071 4340 Libycis,
1083 4280 1109 4317 et
1120 4263 1231 4325 Strabo,
