3142 4958
323 571 387 651 ³54
643 517 800 631 xnucu
823 560 1028 630 sunnon

320 692 540 766 ⁹Marmesiae
557 685 655 789 apud
672 687 822 788 Sipilom
838 687 1013 760 columnae
1028 703 1108 761 sunt
1123 689 1185 778 IV,
1199 694 1293 762 inter
1305 687 1369 764 has

321 806 504 882 columnas
518 821 570 878 est
583 808 731 877 victoria
747 803 880 894 ferrea,
896 803 1055 903 pendens
1069 807 1143 878 sine
1157 803 1278 910 aliquo
1293 812 1369 880 vin-

321 921 420 1012 culo,
441 925 479 994 in
495 945 577 1016 aere
594 919 730 992 ludens.
755 918 825 991 Sed
842 913 1005 1019 quotiens
1023 935 1148 995 ventus
1167 935 1228 992 aut
1247 919 1368 1018 pluvia

319 1038 444 1129 inerit,
460 1062 534 1110 non
547 1049 678 1108 movet.
697 1029 794 1108 AEdis
807 1035 930 1106 Dianae
945 1033 1104 1134 Epheso,
1121 1020 1229 1141 quam
1242 1042 1367 1109 consti·

318 1157 389 1228 tuit
407 1153 576 1225 Amazon.
599 1149 653 1224 lbi
676 1151 712 1222 et
735 1144 938 1248 sepulcrum
960 1151 1051 1222 lcari
1071 1155 1245 1222 stertentis
1269 1156 1367 1251 quasi

314 1269 490 1359 domnius,
514 1270 614 1340 mirae
635 1263 900 1365 magnitudinis,
928 1289 971 1338 ex
991 1259 1170 1339 orichalco
1197 1283 1234 1338 et
1258 1265 1364 1340 ferro.

318 1383 450 1458 Rhodo
461 1381 598 1456 Colossi
612 1379 851 1481 signumSolis
862 1378 972 1453 altum
984 1405 1090 1480 super
1101 1380 1267 1454 columna
1278 1408 1366 1456 mar·

319 1523 445 1574 morea
467 1505 551 1571 euni
572 1495 756 1596 quadriga.
784 1493 960 1568 Columna
986 1521 1072 1568 vero
1095 1479 1205 1568 habet
1229 1495 1367 1570 cubitos

320 1629 474 1690 centum.
498 1615 622 1713 Cypro
643 1615 782 1711 signum
797 1613 895 1684 lovis
909 1612 1073 1712 Olympii
1090 1639 1237 1704 aereum,
1260 1611 1366 1686 iacies

317 1757 365 1806 ex
379 1757 485 1821 auro,
504 1755 614 1830 quem
630 1727 716 1802 lecit
732 1726 876 1800 Phidias
893 1731 930 1800 in
950 1727 1078 1802 cubitis
1099 1745 1243 1802 centum
1262 1735 1367 1830 quin·

317 1849 504 1947 quag'nta,
521 1845 557 1916 e't
570 1841 643 1916 lata
655 1842 783 1916 cubitis
798 1845 990 1942 sexaginta.
1008 1843 1180 1916 ¹⁰D0mus
1196 1841 1268 1916 illic
1282 1847 1366 1944 Cyri

317 1964 411 2062 regis
437 1955 813 2057 adificatalapioihos
836 1956 1012 2047 candidis,
1041 1971 1076 2030 et
1098 1957 1249 2058 nigellis,
1278 1985 1366 2031 auro
1390 2033 1392 2040 ,

317 2081 466 2156 vinctis:
479 2075 547 2150 ubi
559 2087 641 2148 sunt
650 2071 827 2146 columnae
836 2059 988 2146 'diversIs
1004 2065 1200 2164 missibus,
1214 2090 1251 2146 et
1263 2077 1367 2146 innn-

316 2189 505 2298 merabiles
521 2189 653 2263 lumea
670 2187 812 2278 ferreae,
831 2185 995 2261 fenestra
1013 2211 1056 2262 ex
1076 2201 1239 2289 argento,
1258 2204 1293 2262 et
1312 2203 1366 2261 te·

205 2381 215 2398 ,
314 2304 407 2406 gula
420 2331 463 2382 er
472 2303 593 2403 lapide
601 2307 756 2403 prasino.
769 2305 894 2376 Murus
908 2307 1001 2378 intus
1011 2302 1134 2376 medio
1143 2303 1364 2404 Babyloniae,

314 2445 429 2522 quiem
439 2423 613 2494 Memnon
628 2417 816 2492 aedificavit
833 2432 855 2460 ¹¹
865 2417 986 2520 lapide
998 2413 1121 2512 ¹coeto,
1137 2421 1174 2494 Id
1186 2439 1253 2513 est,
1270 2421 1367 2495 calce

315 2554 354 2613 et
368 2536 518 2629 sulfirre,
540 2535 637 2610 ferro
654 2537 896 2628 intermixtus,
915 2552 956 2610 ut
968 2553 1050 2609 sunt
1064 2538 1248 2638 juncturae.
1268 2541 1367 2610 Lati-

313 2652 405 2729 ‘tudo
425 2653 498 2754 ejus
517 2649 644 2724 cubitis
658 2651 775 2742 XXX,
794 2647 886 2724 altus
903 2649 1032 2724 cubitis
1051 2653 1195 2742 CXXX,
1212 2655 1367 2751 cingitur

315 2768 428 2864 millia
449 2777 616 2868 passuum
636 2767 747 2840 XXX.
773 2768 880 2840 Hunc
902 2771 1013 2868 erepit
1033 2769 1250 2859 Semiramis,
1273 2767 1366 2841 filius

314 2889 391 2987 ejus
411 2883 575 2985 perfecit.
595 2881 801 2983 Pyramides
818 2889 856 2956 in
871 2888 1043 2985 AEgypto,
1061 2907 1148 2987 quas
1165 2885 1364 2959 aedifiearit.

315 3004 466 3104 Agartus
477 2999 668 3101 oppidum3
681 2998 902 3074 ihieotNilus
911 2999 1038 3074 lluvius
1049 3001 1253 3092 aerefaems,
1264 3000 1367 3102 plexi·

315 3117 360 3193 lis
370 3123 408 3193 in
419 3117 547 3192 cubitis
559 3118 668 3207 CCC,
682 3116 780 3217 eujus
789 3115 898 3190 iacies
909 3116 1098 3217 smaragdo
1107 3114 1273 3216 limpido,
1288 3116 1367 3190 bra·

317 3231 400 3308 chia
416 3259 459 3307 ex
475 3231 584 3305 ebore
596 3257 746 3331 magno,
764 3232 862 3331 cujus
878 3248 1024 3330 aspectu
1042 3249 1078 3305 et
1092 3231 1214 3305 hestiae
1226 3247 1366 3304 terren-

317 3367 388 3423 mr.
399 3347 546 3422 Athenis
556 3349 802 3446 signumJovis
811 3347 987 3447 Olympii,
1001 3345 1222 3458 Alexandriae
1231 3345 1366 3420 flumen

318 3465 439 3541 Naum
449 3467 601 3536 maxime
616 3462 748 3538 colunt.
885 3482 891 3488 ’
1069 3486 1072 3496 ’
1127 3487 1129 3492 ·

353 3672 380 3726 9.
403 3609 558 3706 Mannum.
588 3603 729 3725 Magnesia
749 3653 822 3726 apud
861 3653 894 3706 ad
913 3654 1008 3727 Hygia.
1027 3651 1089 3704 looo
1107 3652 1179 3705 dioto
1198 3651 1298 3705 mavult
1314 3651 1366 3722 legi

317 3736 449 3810 Sipylum.
860 3729 1037 3797 loterecocto,
1052 3744 1078 3784 et
1092 3750 1168 3796 mox,
1188 3741 1218 3783 ut
1230 3731 1282 3784 sint
1283 3731 1366 3801 juno·

357 3835 397 3872 ro.
409 3817 510 3869 Domus
520 3809 586 3865 illio.
600 3813 684 3865 immo
696 3811 723 3863 in
735 3811 822 3864 Ecba·
861 3823 931 3865 ωτι.
946 3813 1018 3866 Fort.
1037 3813 1083 3864 uli
1092 3823 1152 3865 mut
1160 3814 1302 3885 junctum.
1316 3809 1365 3862 Vel

315 3898 396 3950 tanin.
412 3895 508 3968 Hygia.
523 3889 589 3944 rab.
603 3889 724 3944 CXXIII:
743 3893 822 3944 «Do-
860 3901 890 3944 ut
909 3908 960 3963 pro
979 3890 1039 3957 ubi,
1058 3903 1089 3943 ut
1107 3909 1177 3962 supe
1197 3890 1268 3963 opud
1289 3889 1364 3944 ulios.

319 3970 822 4124 ann
861 4047 1363 4114 a...

321 4135 477 4201 uendidit,
490 4133 696 4188 viuemauron
861 4127 896 4182 'ml
924 4129 1061 4202 Virgilium
1092 4127 1193 4182 AEoeid.
1224 4131 1264 4192 V,
1297 4147 1363 4182 vers.

360 4209 820 4285 summitatum.
861 4209 921 4263 3²8.
