3108 4956
455 565 601 632 LIBER
622 565 944 634 MEMORlALlS.
1159 567 1221 634 365

175 688 246 778 liis,
260 691 405 789 triginta
417 689 580 788 peditum
596 688 793 789 legionum,
809 693 969 789 equitum
981 687 1036 761 bis
1049 688 1226 764 mille'fal·

177 819 339 878 catorum
355 831 525 878 curruum
541 809 635 878 vicit.
652 808 738 878 Mox
752 830 874 904 regem
890 805 1076 898 Indorum,
1098 823 1134 878 et
1148 831 1225 878 om·

175 947 238 994 nes
249 923 340 994 Asiae
354 937 474 1022 gentes
490 921 555 995 suh
573 936 749 1022 potestate
760 946 823 994 sua
836 918 987 1020 redegit,
1003 939 1039 994 et
1051 919 1226 995 nobilissi-

175 1061 251 1108 mas
259 1034 365 1110 urbes
374 1039 464 1110 Asiae
473 1041 585 1136 cepit,
598 1036 847 1127 'Sarhactram
860 1039 961 1126 Susa,
975 1037 1223 1137 Babyloniam,

175 1151 239 1226 ubi
260 1157 368 1226 etiam
387 1151 589 1244 defunctus,
612 1152 763 1225 dubium
780 1151 989 1243 vinolentia,
1010 1178 1055 1224 an
1070 1178 1224 1245 veneno,

176 1295 288 1369 quum
299 1285 420 1342 tamen
429 1272 527 1368 prius
542 1285 578 1342 et
587 1267 748 1342 Africam
758 1284 978 1368 peragrasset
988 1294 1099 1368 usque
1108 1268 1155 1340 ad
1164 1271 1226 1341 Jo-

175 1409 257 1456 vem
277 1385 506 1472 Ammonem,
534 1399 571 1456 et
587 1385 775 1456 Oceanum
795 1387 930 1483 primus
947 1386 1109 1455 omnium
1132 1381 1226 1455 navi·

176 1513 300 1596 gasset.
319 1494 519 1596 Philippus,
542 1501 604 1598 qui
625 1514 709 1598 post
726 1497 967 1572 Alexandrum
987 1496 1227 1570 Macedonem

176 1615 329 1710 septimo
344 1611 458 1710 gradu
476 1613 698 1686 Macedoniae
716 1617 893 1713 regnavit,
914 1616 1064 1684 invictus
1078 1615 1114 1682 in
1131 1612 1227 1683 Grae·

177 1733 271 1802 ciam
289 1755 400 1829 quum
416 1755 506 1803 saeve
522 1730 783 1820 dominaretur,
803 1757 825 1802 a
843 1727 1001 1828 Sulpicio
1025 1724 1168 1801 consule
1189 1729 1227 1798 in

175 1842 336 1920 Phocide
356 1849 468 1919 victus
490 1862 555 1938 est,
579 1873 663 1920 mox
682 1873 703 1920 a
723 1844 920 1918 ³Flaminio
940 1848 977 1916 in
994 1842 1226 1932 Macedonia,

175 1957 357 2034 Thessalia
381 1959 478 2064 apud
503 1959 789 2061 Cynocephalas,
812 1961 876 2034 ubi
896 1959 981 2032 dato
1005 1956 1130 2032 obside
1152 1956 1226 2030 lilio

174 2075 358 2149 Demetrio
373 2080 472 2177 regni
487 2093 587 2177 parte
603 2077 771 2150 multatus
788 2093 849 2150 est.
866 2080 987 2150 Perses
1002 2071 1226 2172 lPhilippus,

174 2187 332 2290 Philippi
341 2190 445 2282 filius,
457 2193 586 2293 ⁵quum
594 2195 758 2266 maximis
771 2195 884 2292 copiis
893 2187 1115 2262 Macedoniis
1126 2203 1225 2279 esset,

176 2321 226 2396 et,
242 2332 354 2406 quum
363 2303 537 2406 impetum
546 2313 583 2381 in
592 2311 769 2382 Graeciam
779 2306 933 2398 fecisset,
950 2305 1054 2378 ⁶cum
1064 2303 1227 2377 inanibus

176 2419 448 2521 elephantorum
465 2422 660 2498 simulacris
674 2450 695 2496 a
711 2427 856 2497 ⁷Marco
872 2420 1017 2495 consule
1034 2417 1132 2520 apud
1145 2421 1227 2518 Scy·

174 2539 266 2609 riam
282 2538 453 2637 paludem
472 2542 600 2631 victus,
619 2543 848 2640 praecipitatis
863 2543 900 2610 in
920 2563 1020 2610 mare
1038 2533 1225 2622 thesauris,

174 2650 349 2751 profugia
361 2681 446 2726 mox
458 2655 504 2727 ab
516 2655 658 2729 AEmilio
672 2656 795 2731 Paullo
808 2671 885 2728 tota
896 2652 1110 2727 Macedonia
1124 2652 1228 2748 fuga·

175 2781 247 2856 tus,
264 2766 533 2842 Samothracam
547 2769 707 2871 confugit
724 2775 761 2843 in
778 2769 933 2871 asylum:
949 2767 1046 2840 unde
1059 2765 1143 2837 data
1156 2760 1227 2834 fide

176 2906 332 2980 quumse
339 2882 475 2974 Paullo,
485 2889 728 2977 commisisset,
740 2903 823 2959 ante
830 2911 976 2960 currum
984 2884 1057 2981 ejus
1065 2885 1101 2951 in
1110 2883 1229 2949 trium·

177 2993 291 3095 phum
302 2996 514 3097 productus,
529 3025 614 3071 mox
626 2998 741 3072 libera
755 2998 917 3072 custodia
933 3001 969 3068 in
986 2992 1126 3066 Albano
1143 3017 1229 3065 con·

177 3115 303 3184 senuit.
319 3108 657 3212 Pseudophilippus,
672 3116 727 3184 vir
738 3111 900 3212 plebeius
913 3126 949 3220 et
960 3109 1129 3208 degener,
1146 3131 1228 3179 curn
1246 3129 1253 3208 s

214 3333 239 3368 a.
253 3317 416 3372 &raama
436 3319 499 3372 Non
514 3317 617 3384 inveni,
634 3317 682 3388 qui
725 3318 828 3389 «piisu
851 3315 877 3369 si
894 3314 959 3388 qnid
975 3313 1029 3366 hoe
1045 3310 1107 3366 loco
1124 3323 1228 3364 mutan-

177 3395 680 3464 hsnomemoravarit.Fortls'chatanu,
722 3393 787 3448 dum
803 3407 886 3461 asset,
906 3395 996 3466 potius
1010 3389 1130 3444 tollerem
1146 3408 1226 3464 quum

176 3467 681 3550 vallastapan,quodalreramnomen
721 3486 783 3526 ante
795 3474 932 3546 impetum.

178 3555 251 3610 urbis
261 3557 492 3611 Bactrorumerat.
757 3551 783 3604 6.
803 3553 867 3604 Cum
882 3550 1011 3604 inanibus.
1028 3549 1087 3600 Hoc
1103 3547 1167 3621 quid
1179 3548 1226 3612 sit,

213 3637 239 3690 3.
252 3636 392 3690 fluminio.
403 3639 444 3691 Sic
455 3651 481 3691 et
491 3639 562 3691 infra
573 3637 679 3711 aliquo-
721 3630 794 3685 ldem
807 3650 821 3684 a
832 3628 952 3705 Polyaeno
964 3632 1009 3696 w,
1020 3643 1068 3691 203
1078 3640 1104 3679 et
1113 3625 1224 3678 Diodnr.

176 3722 241 3786 tias,
252 3715 469 3793 proFlaminino.
479 3719 512 3772 Et
522 3737 585 3772 mox
594 3720 681 3790 Cyno-
721 3713 771 3766 Sio.
786 3711 837 3778 Xl,
854 3710 902 3782 74,
918 3711 1041 3781 exponit:
1057 3705 1131 3778 quod
1148 3707 1228 3758 etiam

176 3797 312 3872 sephelm,
323 3815 373 3870 pro
386 3797 595 3869 Cynoscephalas.
722 3805 783 3846 ante
796 3787 897 3844 viderat
911 3787 1033 3841 Bochart.
1045 3788 1148 3838 illesos.
1160 3785 1188 3836 P.
1201 3784 1226 3850 1,

212 3877 238 3947 4.
259 3876 410 3951 Philippus.
428 3879 487 3930 lloe
502 3877 621 3929 formaris
637 3894 682 3929 su·
720 3872 767 3925 lib.
780 3873 817 3938 11,
832 3889 892 3942 cap.
905 3869 947 3922 25.

177 3975 354 4030 pervacuum,
366 3969 392 4010 et
402 3974 418 4008 a
430 3957 551 4029 sequenti
561 3953 683 4027 Philippi
759 3969 784 4025 7.
797 3954 897 4003 Marco.
917 3951 1026 4002 Manio.
1046 3948 1143 4018 Cuper.
1160 3945 1224 4001 ibid.

177 4049 326 4091 onomast.
723 4027 1006 4084 terminandum.
1018 4029 1069 4092 xl,
1083 4025 1226 4093 ra,5.Pro

213 4115 238 4171 ⁵.
259 4120 325 4172 Cum
340 4117 461 4169 maximis
477 4115 565 4187 copiis.
584 4113 681 4184 Caper.
722 4111 840 4182 Scyrium
849 4127 931 4182 porro
943 4107 1084 4180 legendum
1095 4120 1135 4159 est
1148 4105 1227 4159 Ascu-

177 4199 289 4252 Exereit.
300 4199 351 4265 xl,
367 4217 391 4251 c.
406 4196 436 4263 ⁵,
453 4195 637 4269 deElephaut.
655 4196 684 4246 in
723 4193 803 4244 sidem
809 4229 819 4257 ,
832 4188 871 4241 rel
881 4187 1014 4242 Ascurida.
1029 4187 1089 4240 Vid.
1108 4186 1141 4240 ad
1155 4185 1224 4236 Flor.

179 4277 285 4331 Numan.
310 4279 421 4344 uQuum
432 4294 494 4330 curn
506 4275 625 4329 maximis
637 4291 683 4324 co·
723 4270 783 4323 loco
795 4267 877 4320 dicto.
