3102 4942
283 605 304 644 x
515 649 518 654 ,
619 581 737 646 Novi
760 583 995 650 enlroers

283 705 491 812 quidinde
508 727 720 812 aequaturi
735 709 777 783 in
793 705 994 786 laudando
1007 709 1127 787 simul
1140 715 1235 790 etin
1248 739 1330 789 car-

282 830 416 937 pendo
441 835 590 912 nimius
613 835 735 913 evasit
754 835 817 908 vir
837 831 886 910 ol.
909 854 949 910 et
969 862 1041 911 sua
1064 832 1180 912 Floro
1203 833 1328 913 multa

284 955 546 1038 circumcidit.
571 955 758 1063 Aliquem
781 977 934 1054 tamen,
958 979 999 1035 et
1019 987 1112 1036 eum
1132 963 1329 1066 insignem

284 1083 433 1188 exejus
452 1084 556 1162 notis
574 1081 752 1159 fructum
771 1085 814 1158 in
834 1103 944 1160 textu
963 1088 1106 1190 passim
1119 1082 1332 1191 explanare.

284 1203 351 1302 do,
365 1225 436 1288 eut
449 1203 685 1312 refingendo
699 1211 977 1316 excerpsimus.

336 1332 498 1414 Meritas
512 1335 632 1409 etiem
646 1354 776 1438 grates
790 1336 944 1437 agimus
958 1333 1233 1440 habemusque
1247 1334 1332 1410 viro

284 1453 340 1531 ill.
359 1455 462 1537 God.
481 1456 689 1552 Sesseonrt,
704 1459 795 1562 qui,
814 1485 942 1561 quum
961 1454 1223 1563 multiplicem
1241 1462 1335 1561 epe-

285 1606 370 1664 ram
389 1597 429 1655 et
447 1582 809 1685 praestantissimam
828 1580 1096 1657 eruditionem
1113 1582 1156 1657 in
1173 1580 1334 1657 histori-

185 1717 188 1728 '
284 1731 349 1782 cos
371 1705 530 1783 Latinos
543 1708 626 1812 jam
644 1702 779 1781 multis
798 1703 947 1783 abhinc
966 1709 1082 1782 annis
1101 1702 1332 1799 contulerit,

285 1827 448 1914 Florum
464 1859 595 1937 nuper
610 1859 657 1908 ex
672 1833 831 1936 optimis
846 1852 885 1907 et
896 1828 1082 1937 pluribus
1096 1828 1227 1926 libris,
1244 1829 1336 1906 suh-

282 1957 426 2061 juncta
440 1952 684 2034 Dukerianae
701 1951 882 2037 lectionis
896 1954 1140 2050 diversitate,
1160 1949 1339 2058 diligen-

286 2081 437 2164 tissime
461 2083 672 2160 recensuit.
702 2078 812 2156 Nihil
841 2078 1005 2185 quidem
1026 2078 1103 2157 hoc
1126 2098 1236 2156 textu
1258 2075 1339 2184 ple-

289 2202 380 2292 nius
402 2222 472 2286 eut
492 2203 741 2280 emendatius
763 2206 894 2290 visum
916 2224 998 2280 estt
1025 2206 1181 2280 uenam
1204 2221 1338 2279 autem

191 2390 195 2398 .
289 2327 352 2408 vir
366 2326 654 2408 eruditissimus
670 2329 714 2403 in
726 2347 837 2404 textu
850 2329 994 2434 saepius
1009 2325 1246 2432 corrigendo
1260 2353 1340 2429 qua

285 2445 444 2541 'nitatur
453 2452 703 2548 auctoritate,
715 2450 894 2528 indicare
905 2479 988 2528 non
1002 2445 1210 2528 omisisset!
1223 2449 1342 2524 Nem·

291 2571 463 2677 pehune
472 2573 632 2670 duoem,
646 2573 741 2652 licet
751 2593 863 2658 tanto
875 2573 1082 2651 literarum
1097 2594 1137 2651 et
1151 2572 1341 2650 doctrinae

291 2694 417 2801 glorie
435 2695 804 2794 eircumfluentem‚
826 2700 940 2802 sequi
961 2717 1096 2777 tamen
1115 2725 1197 2773 non
1224 2719 1343 2769 ausus

293 2848 382 2904 Sum
399 2817 487 2917 iile,
507 2841 553 2902 ut
567 2825 622 2902 ite
638 2821 787 2919 dioam,
802 2819 1014 2898 tenebroso
1031 2841 1070 2897 et
1081 2820 1341 2897 subterraneo

293 2946 441 3032 itinere
456 2947 724 3027 incedentem.
744 2949 889 3024 Doctos
904 2944 1092 3051 equidem
1111 2940 1198 3021 colo
1215 2969 1261 3017 ac
1275 2969 1345 3017 ve·

295 3097 431 3168 seror,
452 3073 520 3152 sed
536 3077 657 3180 maqis
673 3077 798 3149 amieo
813 3067 881 3148 lux
896 3089 936 3147 et
948 3075 1100 3148 veritas.

350 3195 557 3299 Denique,
581 3218 628 3271 ut
648 3199 769 3272 totius
786 3197 916 3301 operis
932 3221 1146 3288 summam,
1172 3190 1347 3294 henigne

294 3321 453 3418 Lector,
475 3318 595 3427 plane
612 3321 679 3397 hie
697 3317 822 3398 oculis
844 3323 923 3396 tuis
944 3320 1198 3426 objiciamus,
1225 3315 1348 3392 habes

297 3447 475 3550 primum
494 3443 544 3520 de
562 3447 677 3522 Floro
697 3448 927 3524 Testimonia
943 3462 983 3521 et
998 3441 1150 3522 Jedicia
1169 3459 1348 3518 veterum

298 3569 662 3673 recentiorumque,
673 3588 760 3643 tum
768 3569 922 3664 Latine,
930 3587 1017 3643 tum
1026 3563 1179 3643 Gallice
1186 3567 1350 3678 scripta:

299 3697 345 3778 iu
372 3693 522 3799 quibus
545 3696 665 3771 veniae
695 3693 745 3768 de
773 3690 889 3770 Flono
917 3691 1212 3797 disquisitiones
1239 3685 1353 3790 quasi

301 3823 346 3902 iu
364 3817 501 3898 tabula
519 3817 737 3926 dispositae,
754 3845 914 3896 omnem
934 3818 1094 3923 penitus
1113 3841 1197 3890 rem
1216 3815 1271 3886 ita
1290 3837 1355 3886 ex-

303 3963 533 4040 cusserunt,
569 3961 615 4018 ut
641 3947 756 4020 istam
784 3944 989 4019 materiem
1019 3941 1093 4018 hac
1122 3937 1355 4044 praefatione

304 4069 484 4176 aggredi,
506 4073 609 4156 sicut
622 4097 742 4176 supra
753 4066 1005 4176 jamdictum
1021 4083 1096 4160 est,
1112 4065 1278 4141 omnino
1291 4087 1357 4137 su-

305 4224 550 4304 pervacuum
559 4195 885 4302 judioaverimus.
901 4192 1092 4297 Sequitur
1106 4207 1296 4296 protenus
1311 4210 1357 4257 ex
