3156 4950
308 531 365 596 182
623 533 660 595 L.
685 533 842 596 luunt
865 532 1009 598 FLORl

301 651 509 741 vocabatur,
533 655 665 752 regiam
690 653 857 742 formum,
882 660 1017 753 regium
1042 677 1191 742 nomen,
1217 656 1336 724 animo

270 781 284 846 t
303 794 443 866 quoqne
455 771 553 866 regio
565 766 733 865 implevit.
747 771 856 869 lgitur
870 769 956 840 dum
967 768 1041 840 haec
1054 773 1130 866 ipsa
1143 770 1338 840 contemnit
1400 839 1403 846 ,

304 883 456 982 populus
466 886 657 973 Romanus,
669 887 839 957 Juvencio
851 902 1004 984 praetoro
1016 901 1210 972 contentus,
1222 887 1338 955 virum

304 1023 376 1068 non
391 996 630 1069 Macedonicis
646 999 772 1088 modo,
791 998 853 1070 sed
871 997 1031 1070 Thraciae
1049 1025 1190 1098 quoque
1204 995 1339 1069 auxiliis

305 1111 500 1209 ingentibus
507 1110 663 1185 validum
671 1129 804 1184 temere
814 1118 976 1201 tentavit;
989 1116 1208 1212 invictusque
1220 1114 1341 1183 everis

306 1225 462 1324 regibus,
478 1225 598 1300 abillo
614 1232 819 1326 imaginario
837 1245 872 1300 et
888 1233 1027 1300 scenico
1045 1255 1128 1328 rege
1144 1243 1338 1327 superatur.

272 1353 288 1406 5
307 1339 389 1428 Sed,
405 1339 546 1412 consule
558 1341 718 1431 Metello,
730 1347 893 1414 amissum
905 1369 986 1415 curn
1000 1342 1138 1442 legione
1152 1357 1341 1442 praetorem

305 1453 503 1553 plenissime
527 1455 618 1528 ultus
644 1475 705 1528 est.
732 1461 821 1528 Nam
848 1476 883 1529 et
905 1457 1153 1530 Macedoniam
1177 1461 1342 1529 servitute

307 1569 482 1660 multavit,
498 1592 533 1644 et
545 1571 672 1644 ducem
685 1571 768 1644 belli
782 1571 942 1645 deditum
954 1572 998 1645 ab
1009 1599 1067 1664 eo,
1084 1574 1130 1645 ad
1144 1597 1251 1672 quem
1262 1597 1343 1643 cou-

307 1684 462 1786 fugerat,
478 1685 637 1760 Thmciae
651 1686 789 1786 regulo,
801 1693 838 1758 in
850 1686 985 1760 Urbem
997 1693 1033 1759 in
1045 1692 1176 1760 catenis
1188 1686 1343 1773 reduxit;

309 1795 377 1872 hoc
395 1828 537 1900 quoque
551 1801 600 1874 illi
617 1808 652 1875 iu
668 1802 767 1875 malis
785 1802 989 1902 indulgente
1006 1803 1167 1894 fortuna,
1186 1819 1225 1874 ut
1241 1801 1285 1874 de
1302 1827 1345 1876 eo

309 1913 463 2014 populus
477 1921 672 2006 Romanus,
688 1922 785 2018 quasi
800 1916 844 1988 de
858 1945 941 1989 vero
957 1945 1054 2018 rege,
1070 1917 1312 2016 triumpharet.

314 2119 408 2168 nens,
417 2103 808 2174 etmutctonominePhilippus
850 2103 1017 2156 consulatum
1028 2117 1143 2176 peteret,
1160 2103 1200 2154 bis
1215 2101 1347 2173 repulsam

315 2194 472 2232 evocatus...
488 2182 576 2236 multis
593 2183 627 2234 ad
643 2183 737 2236 falsam
754 2185 810 2255 ejus
850 2183 960 2236 tulisset.
987 2185 1100 2255 Oportet
1125 2201 1187 2252 ergo
1213 2181 1348 2234 Metellum

316 2257 463 2323 nfabulnm,
474 2259 545 2312 velut
554 2259 681 2313 adrerum
691 2265 812 2314 coeunti·
852 2263 944 2316 saltem
960 2283 1019 2314 cum
1035 2262 1166 2315 consulari
1179 2275 1310 2334 potestate
1323 2274 1349 2313 et

317 2335 400 2400 «bus,
415 2351 498 2390 totam
510 2339 692 2394 Macedoniam
707 2355 752 2394 aut
763 2360 811 2394 vo·
852 2345 961 2416 imperio
971 2348 998 2396 in
1008 2345 1303 2398 Macedonimnmiscum
1314 2361 1350 2396 ct·

318 2415 438 2468 aluntnte
459 2419 648 2485 incolentium,
669 2435 714 2474 eut
734 2425 812 2476 armis
853 2423 1234 2496 se‚quodrideturindigitare
1244 2424 1349 2486 Florus,

318 2499 509 2566 uoccupavit.=
524 2500 607 2568 Hujus
622 2500 693 2552 modi
708 2501 813 2572 subjec-
854 2524 935 2577 quum
950 2505 1041 2576 paullo
1056 2520 1118 2557 ante
1131 2506 1249 2566 dixisset,
1263 2521 1349 2576 popu-

315 2576 432 2628 titiorum
453 2579 572 2650 exempla
590 2581 738 2652 principum
757 2583 814 2652 lege
853 2585 907 2637 lum
915 2585 1064 2638 Romanum
1075 2587 1351 2657 priusluuencioproe-

316 2654 387 2724 apud
401 2657 532 2727 lipsium,
548 2659 640 2710 Monit.
656 2674 682 2711 ot
695 2662 813 2732 Exempl.
856 2675 908 2716 tore
920 2665 955 2715 itt
966 2676 1112 2716 contentum
1119 2663 1207 2734 fuisse.
1221 2665 1351 2714 Timr.—

316 2737 393 2788 i’olit.
405 2741 443 2804 11,
455 2739 479 2790 5.
495 2741 683 2794 Berncccerum
695 2743 721 2794 in
733 2745 815 2796 tusu—
855 2747 921 2797 Cum
935 2743 1042 2817 legione.
1055 2743 1162 2797 Clcdem
1172 2741 1294 2795 nonnihil
1304 2743 1354 2793 rni-

316 2835 394 2894 num,
407 2820 505 2887 XXXI,
518 2821 591 2887 5,6=
605 2822 697 2892 quales
708 2824 816 2875 fuerunt
855 2824 921 2875 nuit.
939 2823 969 2872 ln
984 2823 1052 2894 Epit.
1070 2821 1134 2874 Livii
1150 2823 1186 2882 L,
1205 2834 1244 2874 est
1260 2837 1354 2873 ccsum

317 2895 540 2970 Pseudoaprippa,
551 2899 634 2952 Tacit.
651 2902 699 2953 An.
715 2904 752 2968 ll,
765 2903 816 2971 39;
855 2903 937 2952 fuisse
948 2920 1007 2953 oum
1021 2903 1135 2954 exercitu
1144 2913 1294 2974 praetorcm3
1303 2899 1355 2950 uu-

318 2977 576 3042 Psendouero,'i'ncit.
585 2983 651 3032 ilict.
660 2985 691 3047 ll,
700 2985 816 3048 8,2;etc.
856 2995 926 3052 trop.
938 2983 981 3048 1v,
994 2981 1026 3049 6,
1037 2983 1242 3034 internecionem
1257 2979 1357 3032 exerci-

353 3057 377 3122 4.
390 3057 553 3132 Invictusque
564 3081 580 3112 a
590 3064 653 3114 veris
662 3064 774 3134 regibus,
787 3063 818 3114 ab
859 3071 900 3111 tus
913 3061 1024 3111 Romani
1036 3073 1180 3124 memorat,
1193 3071 1218 3110 et
1230 3059 1307 3110 Oros.
1320 3055 1355 3120 ll,

319 3135 366 3188 iilo
380 3141 535 3214 imaginario
551 3154 575 3194 et
589 3145 687 3196 scenico
705 3163 761 3216 ruge
775 3163 818 3196 su·
859 3155 907 3204 nu,
919 3141 1057 3191 maximnm
1073 3139 1174 3190 cladem
1189 3137 1269 3188 totius
1284 3149 1357 3185 exer-

315 3229 429 3286 perntur.
441 3221 523 3288 Hujus
535 3219 587 3272 loci
599 3225 696 3276 sanitas
708 3222 820 3274 debetur·
858 3219 934 3269 citus.
952 3219 1021 3269 Dutt.
1038 3245 1073 3256 -
1087 3216 1213 3269 Seruintte
1228 3210 1355 3263 multavit.

321 3298 515 3365 Freinshemio,
526 3303 571 3371 qui
583 3304 684 3371 primus
696 3302 818 3354 illumin.
858 3297 936 3347 Victo
948 3297 1018 3346 enirn
1030 3296 1123 3358 Perse,
1138 3291 1219 3346 libera
1234 3293 1304 3343 enim
1316 3307 1359 3341 rc-

291 3399 293 3407 *
318 3379 393 3428 sertis
402 3378 512 3430 vocibus
521 3383 679 3450 repurgatit.
691 3385 776 3434 Antea
786 3381 819 3434 le·
859 3375 920 3428 licta
938 3375 1041 3441 ittet-m,
1061 3373 1214 3445 legibusque
1233 3373 1357 3443 opliml⁸r

316 3453 448 3522 gubntur:
469 3457 633 3530 Invictusque
651 3477 703 3510 uon
722 3481 738 3510 a
757 3463 820 3513 veris
859 3473 925 3528 quas
940 3455 1044 3508 Paullus
1058 3454 1254 3523 Pfaeifflpstffll
1265 3449 1360 3502 meh*

318 3531 434 3606 ncqibus,
448 3533 491 3585 sed
502 3536 534 3586 ab
546 3531 606 3601 itto,
619 3551 669 3587 etc.
859 3551 911 3589 tur.
927 3539 1047 3588 Fnrmtu.
1059 3563 1094 3574 -·-
1110 3535 1144 3586 Ut
1158 3533 1190 3584 de
1203 3551 1233 3584 eo
1246 3529 1361 3603 populus

355 3609 379 3662 5.
403 3609 513 3663 unmte
535 3612 654 3665 Metello.
677 3614 819 3668 Consulem
860 3611 1207 3683 Romanus...tn'umpltaret.
1221 3611 1361 3680 Egregium

319 3689 436 3760 appellnt
444 3690 536 3745 Florus
544 3693 694 3761 Metellum,
703 3697 820 3764 quamvis
860 3695 997 3758 solatium,
1007 3693 1085 3765 quclc
1094 3691 1227 3744 Antiocho
1238 3689 1361 3759 contigit,

319 3770 413 3822 consul
431 3785 487 3824 tum
502 3791 556 3825 non
574 3787 658 3839 esset,
678 3791 727 3826 neo
743 3787 820 3827 auten
861 3791 940 3844 supra
956 3775 994 3839 ll,
1007 3775 1039 3837 8,
1052 3773 1084 3840 4,
1100 3769 1194 3842 ιφιοᾶ
1209 3787 1224 3821 a
1237 3767 1362 3820 Romanis

320 3851 429 3912 fuissem
451 3854 531 3904 inuno
554 3867 581 3907 ct
601 3867 714 3926 postea,
738 3873 820 3925 quum
864 3855 968 3905 evictus
981 3867 1052 3906 estu
