3142 4938
538 513 680 578 utana
703 513 891 580 uulnus.
1197 512 1235 595 73

203 643 241 709 in
252 636 375 709 urbem
389 635 505 708 hostes
515 634 768 735 demigrarent,
788 652 912 709 etcum
926 637 1065 733 generis
1081 636 1152 705 suis
1168 637 1237 703 avi·

201 767 254 822 tas
270 775 356 850 opes
371 775 438 849 pro
451 749 534 823 dote
549 755 733 823 sociarent.

249 865 368 936 Auctis
391 861 490 936 brevi
512 861 660 953 viribus,
681 862 775 936 bunc
800 886 862 933 rex
881 866 1151 960 sapientissimus
1170 877 1239 932 sta·
1258 869 1288 922 ¹⁵

200 994 277 1052 tum
299 977 501 1078 reipublicae
522 979 884 1078 imposuit:juventus
902 973 1012 1049 divisa
1024 1002 1090 1074 per
1107 975 1236 1066 tribus,

200 1098 239 1165 in
255 1098 353 1193 equis
371 1110 406 1168 et
423 1099 529 1167 armis
545 1110 584 1166 ut
598 1093 644 1166 ad
660 1091 777 1165 subita
793 1087 878 1163 belli
894 1089 1102 1162 excubaret:
1120 1095 1238 1161 consi-

199 1207 288 1280 lium
309 1207 514 1307 reipublicae
533 1233 644 1306 penes
662 1231 762 1279 senes
780 1218 887 1293 esset,
900 1207 961 1302 qui
977 1229 1020 1274 ex
1034 1207 1240 1276 auctoritate

200 1323 333 1410 Patres,
359 1321 405 1395 ob
427 1338 568 1396 aetatem
587 1323 727 1392 &notus
740 1315 971 1390 vocabantur.
992 1317 1058 1388 His
1076 1320 1125 1388 ito
1142 1316 1291 1388 ordi-16

200 1439 305 1522 natis,
319 1451 482 1534 repente,
497 1459 610 1533 quum
625 1436 832 1505 concionem
840 1429 990 1514 haberet
1000 1444 1082 1502 ante
1097 1426 1241 1519 urbem,

202 1547 300 1645 apud
316 1549 463 1644 Capreae
479 1544 664 1645 paludem,
685 1571 704 1617 e
719 1559 913 1644 conspectu
929 1541 1065 1616 ablatus
1080 1558 1143 1615 est.
1159 1543 1244 1614 Dis·
1263 1563 1292 1616 ¹7

203 1675 366 1757 oerptum
382 1659 491 1761 aliqui
505 1686 526 1732 a
542 1677 662 1734 senatu
673 1675 800 1759 putant
813 1659 860 1732 ob
873 1662 1028 1757 asperius
1041 1660 1239 1756 ingenium:

203 1774 266 1848 sed
278 1775 403 1850 oborta
417 1793 623 1876 tempestas,
638 1775 790 1876 solisque
803 1775 955 1850 delectio
968 1779 1242 1849 consecrationis

201 1896 357 1990 speciem
379 1892 591 1992 praebuere:
617 1897 674 1965 cui
698 1920 782 1966 mox
803 1892 916 1965 Julius
939 1888 1109 1966 Proculus
1132 1890 1242 1964 fidem
1262 1897 1292 1950 ¹8

199 2005 300 2098 fecit,
310 2011 422 2080 visum
432 2035 497 2082 ase
507 2005 699 2083 Romulum
707 2009 904 2100 affirmans,
916 2013 1116 2108 augustiore
1126 2005 1244 2080 forma

200 2147 309 2222 quern
329 2121 471 2197 fuisset:
487 2124 659 2199 mandare
681 2141 871 2225 praeterea,
893 2139 935 2196 nt
954 2149 990 2195 se
1010 2147 1078 2221 pro
1098 2125 1242 2193 numine

235 2299 700 2378 15.Juuentusdiuisopertribut,ete.
780 2321 819 2376 ¹7·
832 2299 1242 2378 Doeerpmmuomutiinteritus

200 2379 250 2431 llio
269 2397 361 2449 agmen
381 2385 537 2436 variantium
553 2382 701 2455 producere
741 2387 812 2438 varie
820 2385 952 2437 scribitur.
960 2380 1124 2454 LegeValer.
1132 2379 1200 2430 Max.
1209 2379 1241 2442 V,

200 2461 345 2532 posuimus,
355 2467 702 2536 quaetamenpratermitte·
741 2469 772 2533 3,
790 2485 817 2529 ¹3
833 2467 888 2520 Cic.
903 2465 937 2518 de
948 2465 1010 2534 Leg.
1025 2465 1049 2524 1;
1066 2462 1241 2530 Augustinum

200 2557 272 2606 mus,
285 2559 366 2612 quum
376 2541 449 2594 nulla
460 2561 520 2595 vere
530 2545 557 2595 in
567 2543 619 2596 hoc
629 2557 701 2597 textu
740 2548 789 2612 111,
811 2545 840 2614 5,
857 2543 934 2600 Ovid.
954 2544 1025 2596 rasa
1042 2541 1078 2607 ll,
1094 2558 1161 2592 vers·
1174 2538 1241 2609 491;

200 2614 703 2674 difficulesexisuncmmasotummo
741 2631 802 2682 item
823 2641 940 2681 ceteros.
960 2621 1070 2675 Modum
1091 2638 1191 2672 novum
1212 2637 1242 2670 ex

200 2692 235 2745 do
242 2709 302 2766 poet
311 2697 396 2765 tribou,
404 2717 460 2751 non
467 2702 615 2770 postarmis
623 2719 700 2772 repo·
740 2707 885 2763 Aristobuli
903 2704 1035 2758 sementia
1050 2701 1128 2772 ponit
1141 2697 1242 2750 plum.

201 2772 302 2828 nendue
313 2789 361 2828 est.
371 2777 475 2831 Scilicet
482 2782 606 2850 juventus
618 2779 701 2833 divisa
741 2788 806 2842 chus
817 2791 846 2840 in
854 2785 948 2840 parali.
961 2801 1020 2854 cap.
1032 2779 1076 2832 32.
1088 2778 1198 2830 Caurus.
1207 2807 1242 2816 -

200 2869 248 2922 per
263 2853 363 2922 tribus,
378 2857 406 2907 in
418 2858 493 2926 equit
506 2871 531 2909 et
543 2860 635 2924 armis,
645 2861 662 2911 i.
674 2877 698 2910 e.
744 2854 1243 2936 ObonaoempestasQuamquidemele·

201 2931 277 2997 equit
285 2943 311 2982 et
318 2935 397 2984 armis
404 2934 544 3000 instructa,
554 2934 701 2989 excubebat
740 2959 831 3017 gamer
848 2943 972 2997 describit
988 2937 1067 2994 ovid.
1084 2939 1145 2990 loco
1163 2955 1242 3008 supra

203 3011 239 3062 ad
256 3014 339 3065 subita
357 3015 426 3068 belli.
445 3017 486 3070 sic
495 3021 624 3072 Horatius
638 3019 702 3072 dixit
741 3026 812 3079 laud.
823 3046 860 3079 vs.
871 3025 920 3094 93:
937 3023 1003 3076 «sol
1016 3022 1099 3091 fugin
1117 3032 1144 3071 et
1156 3037 1242 3069 terno-
1338 3085 1341 3092 Ι

201 3103 280 3144 acula
291 3089 507 3147 beist-Palm·
519 3097 611 3148 Vffl'las
624 3096 703 3166 hujus
746 3128 758 3151 ι
767 3119 829 3158 veut
840 3105 978 3158 subeuntia
990 3101 1082 3154 nubila
1094 3098 1199 3151 celum:
1209 3099 1241 3149 Et

201 3168 390 3242 appellationis
405 3188 512 3224 caussas
522 3171 638 3226 afferunt
648 3174 705 3226 sal·
747 3206 758 3230 ι
768 3183 852 3254 gravis
860 3179 1055 3234 effusisdecidit
1062 3179 1146 3231 imber
1153 3179 1241 3248 aquis:

201 3250 262 3302 ¹⁰⁸¹·
282 3251 357 3304 0³5¹·
375 3251 406 3318 6,
424 3250 452 3315 55
469 3253 613 3326 Dl⁰¹¹y⁵l¹¹⁸
624 3255 660 3316 Π,
674 3255 704 3319 θ;
747 3264 836 3314 «Hinc
851 3275 941 3326 tonat,
956 3259 1017 3312 binc
1033 3260 1119 3311 missia
1136 3257 1242 3308 abrum-

201 3327 332 3382 Plutarch.
348 3331 425 3382 Rom.
438 3329 504 3384 Multi
516 3345 605 3384 autem
621 3334 703 3406 potia·
747 3343 839 3414 epitur
848 3339 951 3414 ignibus
960 3339 1052 3392 ether:
1062 3340 1103 3390 Fit
1112 3340 1188 3410 fuga3
1197 3358 1241 3391 rex

202 3409 266 3462 sima
283 3409 400 3478 videtur,
418 3429 497 3483 quam
514 3411 584 3464 idem
600 3412 703 3465 Plutar-
746 3423 857 3494 «patriis
870 3433 939 3473 astra
950 3419 1057 3492 petebat
1069 3421 1173 3490 equis..

188 3489 267 3542 'chun
282 3491 402 3560 adducit,
417 3495 453 3545 ita
468 3493 553 3548 dictos
566 3493 596 3546 u⁴t
608 3493 701 3547 admo·
781 3495 1242 3573 18.Au9uetiorejonna.si00vidius

201 3585 328 3624 necentur
345 3575 395 3645 ipsi
411 3585 510 3646 potres,
531 3577 619 3648 patria
637 3596 701 3630 cura
740 3576 1242 3652 locoeupralaud.vs.503:«Pulcheret

201 3665 228 3705 et
238 3651 405 3708 colicitudine
416 3658 630 3730 complectendus
644 3678 700 3713 esse
744 3660 883 3714 «hnmano
895 3664 989 3733 major,
1002 3659 1146 3730 trabeaque
1160 3655 1241 3709 deco-

201 3731 328 3786 subditos.
358 3735 472 3788 Similem
495 3741 625 3792 rationem
653 3759 701 3792 cur
745 3738 942 3792 urnsllomulne
950 3741 976 3789 in
985 3735 1243 3788 mediavisusudesee

199 3815 281 3866 Greci
289 3833 362 3886 reges
372 3815 477 3870 iimcc
486 3822 636 3872 vocaverint
646 3819 702 3874 red-
745 3842 756 3867 ι
766 3821 817 3870 via.
826 3841 837 3864 n
845 3819 927 3869 -Ita
935 3817 1052 3888 gentium
1061 3815 1143 3866 Roma
1152 3816 1243 3885 potire·

200 3891 240 3944 dit
255 3893 386 3948 Plutarch.
398 3895 478 3948 Thes.
492 3913 550 3966 cap.
563 3899 702 3951 su-Se-
743 3895 1071 3968 tur.Nempesiliomulum
1080 3896 1241 3965 pronomine

202 3978 286 4020 natus.
297 3970 335 4022 lta
348 3972 420 4044 apud
435 3971 702 4027 lacedemonioeSe-
744 3978 891 4046 acciperet,
909 3992 969 4026 enm
989 3991 1096 4043 prorsus
1117 3975 1242 4027 invocans

203 4048 701 4126 natumbpcurgnsripomeappellavit.
744 4048 1241 4120 subnomineQuirini.Quidamantem

247 4125 288 4180 16.
318 4129 427 4198 Capreo.
455 4130 572 4198 Quidam
605 4133 701 4202 Capru.
744 4127 1239 4183 commentatoresltieinverbisincoel·

201 4211 349 4281 lltrumque
360 4207 458 4262 Latinio
467 4212 493 4262 in
504 4231 562 4264 usu.
744 4223 769 4260 ct
788 4209 836 4261 diis
854 4210 1036 4281 pleonasmum
1057 4209 1224 4262 observantes
