3108 4956
504 397 648 461 nrnnu
670 395 908 479 QUARTUs.
1165 399 1224 466 301

236 525 325 614 Quae
340 526 477 610 omnia,
494 518 591 592 velut
608 517 746 608 infulae,
764 523 800 590 in
817 518 1026 592 destinatam
1041 523 1148 591 morti
1161 525 1231 593 vic·
1246 546 1280 600 9²
1303 545 1306 550 ’

187 644 313 711 timum
334 635 627 736 congerebantur.
653 637 797 734 Quippe
819 632 1042 706 clementiam
1063 639 1232 734 principis

188 759 273 827 vicit
285 752 419 826 invidia
434 779 442 823 τ
459 756 644 852 gravisque
661 769 736 823 erat
750 749 871 823 liberis
887 733 963 849 ipsa
977 749 1232 825 beneficiorum

188 873 359 967 potentia.
376 871 449 942 Nec
462 867 592 940 diutius
607 865 729 939 dilatio
742 865 874 940 donata
887 881 957 938 est:
978 865 1041 938 sed
1058 867 1184 938 Brutus
1198 881 1232 939 et
1248 880 1283 951 93

190 984 342 1072 Cassiae,
362 979 491 1080 aliique
507 983 663 1078 patricii,
679 995 931 1052 consenserimt
944 981 980 1049 in
995 979 1127 1052 caedem
1139 984 1233 1078 prin-

189 1099 288 1194 cipis.
309 1099 453 1190 Quanta
470 1099 523 1166 vis
540 1093 621 1166 fati!
644 1108 849 1165 manaverat
865 1090 935 1164 late
954 1093 1172 1191 conjurati03
1195 1093 1234 1166 li·
1249 1109 1286 1180 94

189 1208 303 1283 bellus
326 1213 434 1282 etiam
457 1211 586 1280 Caesari
609 1207 710 1280 datus
732 1205 859 1278 eodem
880 1204 956 1296 die;
979 1232 1045 1280 nec
1069 1207 1235 1306 perlitare

191 1341 335 1398 centum
350 1327 501 1395 victimis
514 1339 690 1421 potuerat.
701 1325 809 1393 Venit
821 1324 858 1392 iu
875 1323 1012 1392 curiam
1026 1337 1161 1410 tamen,
1177 1347 1236 1393 ex·

191 1438 411 1538 peditionem
429 1436 633 1509 'Parthicam
651 1435 842 1508 meditans:
863 1434 913 1507 ibi
932 1439 968 1506 iu
987 1435 1099 1507 curuli
1116 1435 1237 1508 seden-

193 1568 265 1624 tem
284 1577 369 1623 eum
387 1551 533 1623 Senatus
553 1554 699 1640 invasit3
721 1549 904 1650 tribusque
923 1566 959 1622 et
977 1555 1100 1649 viginti
1117 1548 1236 1622 vulue-

193 1667 289 1739 ribus
302 1665 349 1738 ad
359 1683 492 1739 terram
507 1666 608 1740 datus
622 1685 684 1740 est.
700 1669 756 1739 Sic
768 1665 842 1757 ille,
854 1672 915 1766 qni
925 1684 1098 1742 terrarum
1111 1667 1236 1741 orbem
1253 1687 1287 1759 9⁵

194 1779 288 1853 civili
305 1785 473 1881 sanguine
491 1782 716 1882 impleverat,
735 1783 879 1856 tandem
894 1787 973 1883 ipse
989 1789 1156 1884 sanguine
1171 1810 1236 1857 suo

194 1899 330 1968 curiam
337 1895 513 1996 implevit.

223 2085 273 2155 ⁹³·
286 2087 408 2138 Brutus...
421 2086 449 2137 in
460 2085 553 2140 eedem
561 2086 696 2160 principis.
736 2087 836 2160 patrie,
848 2088 924 2156 cujus
936 2104 1025 2140 rmore
1036 2083 1166 2157 flegrebet
1175 2085 1238 2138 Bru-

194 2167 232 2218 M.
245 2168 355 2220 Brutum
375 2166 482 2240 quidam
497 2185 530 2220 ex
544 2168 651 2220 Servilia
671 2181 698 2219 et
736 2178 794 2228 tus,
810 2177 878 2217 stare
900 2167 1047 2236 potuisset:
1065 2164 1131 2218 illud
1150 2177 1238 2218 eutem

195 2247 254 2318 ipso
262 2246 489 2316 Caesaresseuitum
497 2259 633 2317 putarunt.
642 2249 698 2299 Un-
736 2262 844 2317 sperare
853 2258 910 2297 erat
922 2247 1033 2297 amentis
1044 2245 1135 2296 enimi.

195 2323 230 2376 de
239 2325 442 2391 Moeranum,
456 2325 554 2378 Grand.
565 2324 696 2378 enecat.
772 2323 943 2396 94..libellus.
952 2323 1032 2378 ludex
1041 2323 1239 2396 r'onjnretidnie.

195 2402 474 2477 derllomains‚chap.
491 2421 537 2470 rr,
550 2405 621 2454 Bruti
635 2403 698 2454 faci·
738 2433 773 2445 —
792 2405 849 2458 Nec
866 2402 989 2476 perlitare
1006 2416 1109 2458 centum
1131 2403 1240 2458 victimis

196 2481 492 2555 nueperpendenszuc'
492 2483 555 2534 duit
563 2501 599 2533 un
607 2500 701 2533 amour
736 2497 846 2556 poterat.
866 2483 937 2538 ldem
955 2483 1035 2538 habet
1055 2485 1196 2538 Suetonius
1212 2486 1239 2536 in

196 2561 335 2616 dominam
343 2579 414 2633 pour
428 2560 454 2614 la
466 2561 565 2633 patrie,
577 2561 637 2634 qui,
646 2578 699 2613 eon
739 2564 833 2616 Cesar.
845 2561 968 2629 LXXXI,
990 2563 1130 2616 «Pluribus
1147 2562 1240 2614 hostiis

197 2650 255 2692 tant
265 2641 306 2692 cles
315 2638 394 2712 reulet
406 2641 546 2692 ordinaires
556 2641 599 2692 dee
610 2642 701 2693 crimes
743 2643 851 2710 uenenis,
870 2660 951 2713 quum
968 2641 1044 2695 litare
1063 2661 1117 2694 non
1135 2655 1240 2712 posset,

196 2721 273 2772 etdes
283 2731 376 2782 ventu,
388 2718 526 2772 n'dcoutait
538 2739 587 2792 que
598 2719 637 2772 tut
646 2719 701 2774 seul
743 2722 871 2776 «Curiam
879 2722 990 2773 introiit.
1003 2744 1015 2768 ι
1025 2721 1205 2772 Litareautem
1215 2732 1241 2771 et

197 2809 223 2850 et
234 2800 365 2868 neeeyait
377 2799 406 2850 ni
415 2800 534 2869 eitoyen,
548 2801 578 2850 ni
590 2800 658 2866 ami,
672 2801 701 2851 ni
738 2799 862 2873 perlitare
882 2799 1039 2864 dicebatur,
1062 2817 1144 2869 quum
1164 2817 1242 2869 proe-

199 2875 369 2946 biensatuur,
379 2877 408 2927 ui
417 2881 486 2948 pire.
501 2877 540 2928 La
551 2888 624 2929 νοντα
635 2897 702 2931 sem·
740 2899 806 2952 pero
815 2893 910 2933 eventu
918 2879 1116 2946 sacrificabant,
1125 2892 1242 2950 etquutn

200 2951 702 3026 ttatts'oubtterpoursmrpasserette
740 2958 870 3012 letaexte
878 2960 1008 3011 untimem
1016 2957 1242 3029 deogretameete

200 3035 297 3098 meme,
310 3045 335 3085 et
347 3032 451 3086 [aetion
460 3033 538 3106 qu’on
550 3053 582 3086 ue
592 3036 703 3106 pouvat't
741 3037 925 3110 preferebant.

199 3111 305 3167 a'abord
318 3111 439 3176 admirer,
452 3111 623 3184 parcequ'elle
641 3115 704 3166 {tait
777 3115 820 3187 95.
840 3116 883 3169 Sic
899 3116 959 3185 tlte,
977 3129 1027 3170 ete.
1046 3118 1118 3171 Finis
1137 3117 1243 3191 quidem

199 3203 299 3256 atroce,
308 3189 359 3244 elle
372 3190 399 3244 la
406 3190 502 3263 fatuit
514 3192 628 3245 admirer
634 3211 703 3246 com·
742 3213 798 3247 non
809 3193 921 3248 feliciter
929 3195 1083 3267 capntillud
1089 3194 1243 3264 absolvent,

201 3271 365 3325 »indiviae-
377 3271 484 3345 Optime
492 3270 608 3345 quidem,
618 3271 703 3325 eibaee
743 3293 792 3328 uec
806 3273 884 3326 Floro
895 3273 1000 3346 dignun.
