3010 4948
742 603 942 668 TABULA.

597 829 787 902 nucius
811 831 1087 918 AMPELIIJS.

318 1044 456 1123 Benigno
468 1041 592 1148 fectori
599 1080 981 1098 ................
988 1079 992 1086 ,
993 1079 1238 1098 ,,,,,,,,,,,,,
1302 963 1353 1101 3⁹3}
1480 961 1481 1052 l

319 1161 353 1219 L.
368 1160 524 1218 Aurrnrns
539 1155 679 1216 Macrino
694 1175 750 1215 suo
765 1153 920 1216 sulutem..
932 1197 941 1214 .
952 1198 960 1213 .
972 1145 1003 1214 ..¹
1011 1194 1238 1215 ............
1301 1153 1352 1232 34ι

318 1274 390 1335 Cur.
407 1274 431 1334 1.
562 1272 608 1332 De
619 1271 755 1332 Mundo.
774 1311 1238 1334 ........................
1302 1268 1352 1346 341

406 1374 445 1433 ll.
561 1369 607 1430 De
621 1367 785 1429 duodecim
800 1369 900 1452 Signis
907 1410 1236 1431 .................
1301 1367 1354 1445 34η

405 1469 460 1528 III.
560 1466 607 1526 De
621 1465 774 1527 Sideribus
776 1506 1237 1528 ........................
1301 1465 1354 1541 345

404 1566 456 1626 IV.
558 1545 679 1641 Quibus
691 1565 828 1646 pertibus
840 1565 965 1626 sedeant
975 1564 1139 1626 duodecim
1147 1545 1243 1646 signa

597 1661 762 1722 duodecim
781 1663 954 1724 Ventorum
956 1703 1237 1724 ...............
1301 1662 1356 1736 346

405 1761 440 1818 V.
557 1760 603 1820 De
620 1759 726 1819 Ventis
733 1799 1236 1822 ..........................
1302 1759 1356 1835 346

403 1857 455 1918 VI.
556 1857 602 1916 Dc
616 1855 698 1916 Orbe
709 1868 863 1918 terrarum
869 1899 1174 1920 ................
1179 1901 1194 1915 -.
1206 1899 1234 1916 ..
1301 1856 1355 1940 347

404 1956 470 2018 Vll.
554 1954 601 2014 De
615 1954 750 2014 Marium
764 1956 884 2014 ambitu
891 1997 1236 2016 ..................
1302 1955 1356 2037 349

399 2053 482 2114 VIII.
553 2051 706 2114 Miracula
721 2053 832 2114 Mundi
836 2095 1237 2114 .....................
1300 2055 1352 2115 35ι

403 2151 454 2210 lX.
557 2148 643 2225 Quot
666 2148 753 2210 fuere
775 2151 867 2211 Ioves
891 2151 940 2210 vel
967 2151 1020 2212 alii
1042 2153 1075 2212 in
1098 2151 1168 2214 Ioco
1191 2152 1244 2212 Dii
1351 2233 1354 2236 ῃ

598 2233 746 2328 Deaeque.
765 2290 773 2323 ·,
789 2255 846 2306 ...’
848 2291 1235 2311 ....................
1303 2248 1356 2312 355

353 2413 358 2418 ,
402 2345 428 2404 X
556 2345 601 2404 De
616 2345 769 2426 Imperiis.
787 2388 1237 2407 .......................
1304 2348 1359 2408 353

400 2389 452 2500 XI.
557 2441 651 2520 Reges
663 2441 874 2522 Assyriorum.
891 2485 1136 2504 .............
1141 2437 1144 2444 ’
1148 2485 1236 2502 .....
1304 2443 1358 2524 358

401 2540 468 2599 XII.
555 2539 648 2618 Reges
663 2539 827 2600 Medorum
830 2583 976 2602 ........
985 2595 986 2598 ,
988 2582 1235 2602 .............
1302 2541 1359 2621 359

400 2637 482 2697 XIII.
555 2637 650 2718 Reges
664 2638 826 2698 Persarum
830 2680 1235 2698 .....................
1302 2641 1360 2720 359

401 2737 482 2796 XIV.
553 2735 653 2796 Duces
666 2747 696 2796 et
707 2756 791 2816 reges
804 2737 1126 2798 Lacedaemoniorum.
1143 2781 1151 2796 .
1167 2779 1237 2796 ....
1303 2738 1360 2800 360

400 2835 465 2894 XV.
553 2833 722 2894 Clarissimi
734 2855 816 2917 reges
829 2834 961 2896 etduces
972 2832 1235 2896 Atheniensium..
1301 2836 1358 2896 362

401 2933 479 2991 XVI.
553 2933 646 3014 Reges
657 2931 863 2993 Macedonum
867 2975 1234 2994 ...................
1301 2931 1360 3008 364

402 3027 497 3088 XVII.
556 3029 650 3108 Reges
663 3041 694 3088 et
706 3027 797 3088 duces
810 3031 1233 3093 nomanorum..........
1300 3030 1360 3092 366

399 3127 510 3187 XVIII.
555 3125 722 3186 Clarissimi
739 3123 830 3188 duoes
843 3127 1060 3190 Romanorum
1066 3169 1234 3189 .........
1300 3127 1361 3188 366

400 3223 479 3283 XIX.
556 3223 704 3299 Ilomuni,
721 3225 775 3304 qui
790 3224 823 3282 in
837 3235 907 3305 toga
921 3223 1050 3286 fuerunt
1065 3222 1233 3285 illustres..
1299 3223 1361 3303 369

402 3319 467 3379 XX.
557 3317 619 3395 Qui
632 3340 689 3401 pro
704 3319 801 3380 salute
817 3341 847 3381 se
864 3320 1054 3382 obtulerunt
1066 3361 1232 3381 .........
1299 3320 1358 3401 371

400 3417 493 3489 XXI„
556 3417 619 3492 Qui
633 3417 730 3498 spolia
747 3419 852 3500 oPIma
868 3421 1039 3481 retulerunt
1045 3460 1231 3480 ..........
1299 3420 1360 3501 ³7²

399 3513 494 3578 XXII
552 3514 616 3592 Qui
627 3513 783 3596 provocati
794 3515 833 3574 ab
847 3513 988 3579 hostibus
999 3538 1098 3578 manu
1109 3529 1236 3577 conten-

594 3612 717 3673 derunt.
724 3655 1110 3674 ....................
1116 3663 1118 3667 .
1122 3655 1229 3674 ......
1298 3614 1363 3695 373

397 3711 507 3772 XXIII.
551 3710 615 3789 Qui
629 3730 687 3792 pro
701 3711 964 3792 Bomonisgentcs
978 3725 1230 3797 superaverunt..
1299 3710 1363 3793 373

398 3809 505 3869 XXIV.
549 3805 635 3883 Quot
644 3805 776 3868 illustres
785 3807 941 3890 Scipiones
951 3809 1005 3890 qui
1016 3809 1137 3891 magnis
1146 3805 1236 3868 rebus

592 3905 683 3986 gestis
694 3905 907 3986 cognominati
918 3919 1005 3967 sunt.
1023 3947 1230 3964 ...........
1299 3903 1362 3986 374

397 4003 490 4062 XXV.
548 4002 730 4063 secessiones
744 4001 840 4084 plebis
847 4043 954 4062 ......
957 4085 963 4098 .
966 4047 1053 4062 .....
1058 4067 1061 4072 ,
1065 4043 1230 4064 .........
1300 3999 1362 4082 374

395 4099 504 4158 XXVI.
548 4099 718 4161 seditiones
724 4141 1227 4162 ..........................
1296 4099 1361 4182 375
1480 4121 1481 4156 f

393 4195 519 4256 XXVII.
547 4195 609 4270 Qui
643 4192 785 4257 adversus
815 4174 949 4279 patriam
983 4198 1102 4260 nefaria
1136 4199 1232 4258 iniere

587 4293 716 4353 consilia
719 4336 1227 4358 ..........................
1297 4295 1361 4379 376
