3108 4956
323 586 388 672 294
651 581 687 645 a.
705 557 865 646 'ruunt
890 581 1036 647 rtonr

322 706 423 806 quod
443 733 515 778 uno
536 704 734 804 eodemque
755 721 937 783 momento
955 710 1068 796 venit,
1089 711 1278 804 percussit,
1300 707 1371 780 ah-

322 827 452 897 aceesit.
468 825 542 894 Nec
557 847 649 894 rana
666 820 711 894 dc
730 847 766 894 ae
784 820 988 921 praedicatio
1006 835 1059 892 est
1071 821 1239 913 Caesaris,
1260 839 1371 896 cante

270 955 306 1022 64
326 971 342 1004 a
350 944 485 1012 victum
495 937 634 1010 hortem
643 963 729 1027 csse,
740 940 1003 1036 quamvisum.»
1016 937 1074 1008 Sic
1083 961 1167 1009 cum
1176 943 1312 1010 exteris.
1322 941 1371 1010 At

321 1058 359 1126 iu
375 1052 496 1126 Africa
508 1079 592 1124 cum
608 1050 742 1124 civibus
759 1051 872 1124 multo
889 1055 1061 1140 atrocius,
1079 1075 1189 1150 quam
1206 1056 1243 1124 in
1261 1050 1369 1126 Phar·

321 1167 417 1242 salia.
435 1170 516 1243 Huc
531 1165 696 1266 reliquias
712 1171 867 1266 partium
885 1165 1136 1265 naufragarum
1152 1166 1298 1267 quidam
1315 1166 1368 1239 lu-

320 1288 411 1358 roris
427 1301 529 1358 aestus
546 1281 745 1382 expulerat:
762 1309 828 1356 nec
846 1280 1010 1383 reliquias
1025 1283 1177 1375 diceres,
1193 1282 1258 1357 aed
1275 1288 1386 1356 inse-¹

270 1418 304 1474 65
320 1425 426 1500 grum
449 1397 594 1473 bellum.
624 1399 760 1496 Sparsas
785 1401 918 1498 magis,
946 1423 1055 1498 quam
1078 1423 1256 1498 oppressae
1276 1403 1369 1473 eirea

322 1530 433 1590 erant.
450 1516 605 1586 Auxerat
620 1529 880 1586 sacramentum
895 1517 973 1613 ipsa
988 1513 1106 1587 clades
1122 1518 1365 1614 imperatoris:

321 1655 389 1703 nec
403 1627 643 1730 degenerabat
654 1627 786 1701 ducum
798 1633 983 1702 successio.
994 1631 1141 1728 Quippe
1154 1634 1236 1703 satis
1251 1629 1368 1730 ample

322 1745 496 1820 sonabant
506 1751 546 1818 in
560 1749 769 1844 Pompeiani
782 1749 934 1818 nominis
948 1744 1069 1818 locum
1080 1748 1169 1820 Ceto
1185 1763 1222 1819 et
1237 1747 1365 1846 Scipio.

321 1865 601 1962 Accessitcopiis
612 1863 833 1935 Mauritaniae
845 1887 906 1934 reu
917 1861 1027 1953 Juha,
1037 1861 1202 1936 videlicet
1213 1879 1255 1936 ut
1266 1862 1368 1937 latius

269 1996 306 2051 to
322 1983 482 2053 vinceret
492 1981 621 2051 Caesar.
638 1975 735 2055 Nihil
749 1977 834 2077 ergo
851 1981 943 2052 inter
957 1975 1190 2070 Pharsaliam,
1203 1977 1369 2077 etThap·

322 2121 407 2184 aon,
423 2099 490 2168 uisi
510 2093 611 2194 qood
630 2091 800 2193 amplior,
824 2119 939 2193 eoque
955 2097 1073 2166 acrior
1088 2095 1369 2170 Caesarianorum

323 2215 477 2308 impetus
501 2209 583 2300 luit,
606 2207 865 2308 indignantium
885 2225 967 2308 post
989 2212 1202 2308 Pompeium
1221 2215 1368 2286 crevisse

323 2325 471 2400 bellum.
482 2327 659 2425 Denique,
675 2325 774 2424 quod
787 2323 872 2398 ahos
881 2349 1076 2425 numquam
1088 2330 1369 2427 anteimpcrium

272 2455 306 2527 ⁶7
325 2439 442 2530 ducis,
456 2465 519 2512 sua
530 2455 657 2538 sponte
669 2442 991 2540 signaceoinerunt.
1005 2441 1146 2541 Strages
1160 2467 1181 2514 a
1194 2441 1287 2514 Juba
1301 2467 1369 2514 coe

324 2558 389 2654 pit.
409 2555 492 2653 Ejus
511 2551 883 2652 elephanti-bellorum
896 2553 1017 2646 rudes,
1038 2571 1074 2628 et
1088 2581 1202 2653 nuper
1215 2579 1237 2627 a
1251 2552 1368 2654 sylva,

325 2675 540 2743 consternati
553 2669 672 2742 subito
691 2668 874 2769 clangore:
892 2675 1010 2744 statim
1028 2687 1063 2743 et
1076 2657 1118 2744 'in
1134 2670 1255 2772 fugem
1273 2697 1370 2746 exer·

325 2791 430 2878 citus,
446 2803 485 2859 et
500 2785 608 2858 duces
625 2784 767 2875 fortius,
787 2809 895 2884 quam
912 2801 952 2857 ut
969 2783 1147 2885 fugerent,
1165 2811 1238 2858 non
1251 2790 1369 2858 incon·

325 2957 413 3020 mine;
426 2968 452 3008 et
461 2954 574 3009 celerem
585 2955 722 3008 notoriam
730 2955 829 3022 fuine,
869 2956 906 3006 sic
921 2956 1034 3025 impetus
1047 2953 1143 3008 furoris
1159 2957 1272 3026 ejecerat
1285 2967 1312 3008 et
1323 2973 1369 3008 ex·

273 3073 276 3082 .
325 3035 437 3106 intelligi
453 3047 542 3107 potest
560 3035 675 3088 alliena
688 3047 716 3086 et
730 3035 830 3107 Appia·
868 3033 974 3106 pulerat
985 3032 1370 3105 reliquiaspartiumvietarntrt

325 3136 372 3172 no.
395 3146 432 3168 -.-
449 3116 519 3176 Ante
543 3116 639 3174 alchena
660 3114 757 3173 hortem
779 3133 831 3176 esse
870 3113 1033 3168 matricem.

326 3216 378 3270 quo
390 3199 508 3249 meeum.
522 3197 678 3260 Suetonius,
688 3197 715 3248 in
727 3195 829 3248 Caesare
906 3193 949 3247 65.
962 3193 1062 3265 Sparsae
1074 3193 1168 3266 magis,
1180 3211 1259 3266 quam
1268 3211 1371 3266 oppres·

325 3275 462 3342 XXXVII,
473 3275 503 3341 4,
513 3277 550 3328 ita
561 3293 617 3326 rem
629 3287 731 3326 narrat=
745 3278 830 3328 :Pom
868 3293 915 3340 ιιι,
929 3273 993 3326 vires
1007 3283 1089 3326 erret.
1106 3272 1147 3324 Sic
1159 3273 1282 3324 Lucanus
1296 3272 1370 3340 vm,

329 3379 342 3402 ι
351 3356 405 3406 tico
420 3352 556 3425 triumpho
570 3355 640 3406 iater
654 3371 760 3425 pompe
776 3354 830 3406 ier·
871 3353 940 3426 ²73²
956 3374 969 3400 a
979 3353 1121 3424 ....aparait
1132 3353 1222 3423 potius
1236 3351 1371 3408 Pharsalia

330 3431 427 3500 acala,
453 3433 531 3484 trium
553 3431 694 3484 verberum
715 3431 831 3502 pretulit
872 3445 1012 3498 «coatrae,
1026 3433 1114 3500 Quam
1128 3431 1257 3485 atthuertit
1272 3451 1367 3504 oper.-

331 3511 474 3575 utrutm,
497 3527 572 3578 saar,
593 3527 663 3577 rtur,
684 3529 751 3577 rror,
775 3531 829 3563 uon
868 3513 1030 3564 -Auxerat
1039 3515 1370 3566 mmmmmEocarc-

330 3615 343 3640 a
354 3591 482 3645 actebelli
490 3591 694 3663 significantem,
705 3592 773 3644 siout
782 3609 831 3644 oe·
870 3595 930 3646 tiori
942 3607 1109 3646 sacramento
1120 3595 1303 3663 conjunxerat.

331 3695 342 3719 ι
353 3674 429 3742 teris,
445 3671 492 3724 sed
509 3671 627 3725 celeriter
642 3673 757 3724 conlecti
768 3669 831 3724 belli
905 3672 948 3726 66.
960 3672 1091 3745 Thapson.
1102 3672 1196 3724 hince
1203 3672 1316 3743 proprie
1324 3689 1371 3742 op·

329 3765 476 3806 coctam·
870 3751 972 3824 pidum.
997 3776 1033 3792 ··-
1052 3751 1182 3823 Amplior.
1205 3749 1370 3818 Evidautior,

364 3832 407 3899 64.
425 3833 488 3884 eim
502 3832 606 3887 civibus.
621 3833 722 3883 Catenae
735 3844 761 3883 et
774 3831 830 3883 Soi-
869 3827 1006 3902 illustrior.

328 3915 418 3982 piore.
437 3944 472 3954 —
493 3910 641 3966 Pharsalia.
659 3909 701 3972 Ad
721 3927 830 3980 campos
905 3907 948 3980 67.
962 3912 1054 3982 Nuper
1067 3930 1086 3960 a
1097 3908 1171 3970 silae.
1187 3909 1297 3980 Egregia
1308 3908 1371 3978 legit

328 3991 503 4062 Philippices,
518 3993 602 4063 quiet
614 3988 756 4042 Pharsalici
767 3989 831 4041 dicti
870 3993 928 4044 Nic.
943 3991 1066 4044 Heinsius
1076 3991 1169 4062 nuperi
1177 4009 1193 4041 a
1204 3987 1286 4059 sylae.
1299 3989 1370 4040 Reti·

324 4069 417 4138 farere,
433 4083 465 4121 ut
484 4087 565 4141 supra
583 4069 692 4123 dietum.
708 4097 744 4111 -
758 4068 830 4120 Reli·
870 4072 927 4122 nari
943 4083 1033 4122 tamen
1051 4081 1140 4140 potcat
1157 4087 1242 4140 nuper
1257 4089 1274 4119 a
1291 4066 1370 4131 situ,

327 4149 542 4223 quina...paidam
545 4149 645 4220 furoris
650 4148 831 4215 ostaoar-
870 4169 919 4221 pro
931 4169 1017 4221 nuper
1028 4147 1117 4201 adhoc
1129 4150 1270 4201 silvestres.
1288 4174 1325 4188 -
1336 4145 1372 4198 Et

325 4229 472 4298 admodum
494 4228 609 4302 reliquiae
631 4229 830 4299 naufragiorum
869 4229 946 4282 duces
959 4229 1070 4301 fortius,
1090 4247 1172 4302 quam
1191 4241 1221 4281 ut
1237 4229 1371 4300 jurgarent.

329 4324 393 4364 astu
410 4311 489 4363 maris
505 4309 629 4362 inlitora
647 4305 829 4380 expelluntur,
869 4313 949 4362 Recte
964 4309 1108 4364 admodum
1124 4309 1168 4362 hic
1180 4311 1299 4381 reposuit
1313 4307 1372 4361 sat-
