3102 4942
303 473 361 540 ·16
701 473 780 538 'DE
804 473 965 540 FLORO

319 597 389 677 quis
404 594 455 656 ille
477 593 569 656 fuerit
586 595 830 676 inquisiverunt,
847 595 964 656 dictum
981 595 1040 654 sit:
1060 595 1210 656 nimirum
1229 617 1246 656 e
1267 596 1365 679 stylo,

320 694 448 753 nomine
460 693 573 774 gentis,
586 703 616 750 et
627 704 728 768 aetate,
738 688 901 773 probabile
913 690 1022 767 videri,
1034 691 1178 752 eumdem
1187 712 1264 768 esse,
1274 713 1367 774 quem

320 789 438 850 Florum
445 803 568 873 poetam
578 789 758 870 Spartianus
768 791 801 848 in
807 787 904 849 Hadr.
915 811 981 872 cap.
992 790 1037 865 16,
1045 779 1230 850 etAnnaeum
1237 789 1366 866 Florum,

320 888 475 950 nonnulla
496 911 532 949 ex
550 887 632 948 illius
656 886 792 970 epistolis
811 887 850 948 ad
869 887 1064 948 Hadrianum
1084 889 1259 972 proferens,
1278 903 1369 950 vocat
1440 913 1449 930 ·

321 985 439 1046 Charis.
458 987 557 1046 Instit.
572 986 743 1046 Grammat.
763 1007 792 1061 ι,
811 1008 841 1068 p.
864 985 902 1047 38
918 998 949 1046 et
969 985 1033 1046 113.
1048 988 1127 1046 Nam
1147 985 1243 1048 ethic
1259 989 1369 1048 Noster

321 1082 563 1166 generedicendi
576 1082 668 1165 plane
684 1085 806 1165 poetico
822 1084 928 1159 utitur,
945 1094 975 1142 et
991 1083 1025 1142 in
1042 1083 1166 1166 optimae
1185 1095 1267 1144 notas
1281 1083 1369 1143 libris

322 1201 417 1242 manu
427 1182 557 1240 exaratis
565 1183 701 1241 Annoeus
709 1178 891 1263 appellatur,
902 1193 941 1254 et,
951 1180 1112 1240 Hadriano
1123 1181 1303 1263 imperante,
1313 1179 1368 1239 llo·

323 1279 417 1338 ruisse
429 1276 534 1336 itidem
546 1276 676 1338 ridetur.
691 1277 890 1357 Quamquam
906 1276 989 1336 enim
1002 1297 1054 1350 ca,
1068 1296 1137 1356 quae
1149 1277 1182 1335 in
1195 1275 1257 1336 fine
1268 1295 1369 1358 prooe-

321 1375 376 1434 mii
397 1374 553 1456 leguntur,
574 1370 655 1432 hanc
677 1373 842 1454 Epitomcn
862 1373 1007 1432 Historiae
1027 1374 1173 1432 Romame
1194 1373 1233 1432 ab
1254 1394 1292 1433 eo
1313 1372 1369 1434 sub

321 1469 453 1553 'l'rajauo
473 1473 595 1554 potius,
614 1491 708 1552 quam
728 1469 908 1546 Hadriano,
927 1472 1071 1552 scriptam
1092 1470 1249 1546 indicant,
1266 1484 1370 1531 tamm

321 1566 412 1629 facile
424 1567 505 1629 credi
518 1579 635 1650 potest,
648 1587 720 1626 eum
732 1565 771 1625 ad
782 1565 995 1642 Hadrianum,
1010 1565 1135 1648 Trajani
1150 1588 1369 1643 successorem,

323 1666 419 1726 vitam
432 1664 611 1747 produxisse
613 1707 1351 1726 ......................................
1353 1707 1369 1724 ψ.

362 1763 441 1822 Sunt
459 1764 512 1844 qui
531 1763 659 1822 virtutes
678 1761 828 1844 quasdam
846 1761 915 1845 styli
934 1761 1071 1822 Floriani
1085 1761 1231 1837 laudant,
1246 1783 1318 1824 eum
1332 1761 1370 1822 ad

324 1859 581 1920 declamatorium
602 1858 756 1920 scribendi
777 1880 873 1940 genus
894 1859 1045 1937 referant,
1069 1875 1100 1920 et
1118 1859 1227 1942 putida
1247 1859 1371 1920 affecta·

324 1959 425 2034 tione,
441 1972 564 2022 tumore
577 1963 717 2042 poetico,
735 1959 944 2020 audacissimis
960 1959 1230 2034 translationibus,
1245 1956 1372 2040 aliisque

324 2055 407 2115 vitiis
418 2055 560 2118 laborare
572 2056 765 2117 ostendant..
776 2101 784 2115 .
796 2101 804 2116 .
817 2056 929 2116 Florus
941 2075 1068 2138 quoque
1082 2055 1115 2115 in
1129 2075 1167 2116 eo
1184 2057 1268 2137 ipso,
1286 2053 1372 2134 quod

325 2153 413 2235 quasi
431 2173 467 2213 ex
486 2166 624 2230 oratore,
641 2152 809 2229 historico,
829 2165 859 2213 et
873 2167 965 2236 poeta
983 2155 1095 2214 mixtus
1109 2153 1163 2230 sit,
1180 2153 1328 2227 maxime,
1341 2163 1373 2210 rt

326 2251 435 2312 merito
458 2252 601 2334 quidem,
622 2252 661 2312 ab
686 2251 754 2312 aliis
774 2249 1094 2334 reprehenditur.....
1121 2252 1227 2333 Neque
1247 2261 1385 2323 tamen,

325 2367 423 2427 quum
435 2345 499 2407 haec
511 2347 549 2408 de
560 2348 654 2410 Floro
667 2348 786 2423 scribo,
799 2369 988 2431 quemquam
1000 2359 1109 2431 putare
1120 2347 1228 2424 selim,
1241 2369 1290 2410 me
1302 2365 1373 2408 eum

325 2440 418 2524 plane
436 2445 717 2523 contemnendum,
735 2443 961 2528 abjiciendum,
982 2459 1012 2506 et
1029 2467 1046 2507 e
1064 2445 1208 2506 manibus
1231 2444 1374 2504 studiosae

322 2537 489 2621 juventutis
499 2544 715 2604 excutiendum
724 2546 906 2607 existimare.
917 2540 1097 2626 Numquam
1109 2545 1142 2603 in
1154 2541 1212 2603 hac
1223 2542 1373 2602 sententia

325 2635 382 2697 fui.
400 2638 470 2698 Non
485 2659 599 2721 sequor
612 2643 718 2722 Regeri
734 2655 763 2702 et
776 2624 998 2725 plerorumque
1016 2641 1150 2702 aliorum
1165 2660 1300 2714 morem,
1319 2641 1373 2719 qui

326 2755 423 2816 quum
447 2738 627 2820 scriptorem
647 2738 785 2822 aliquem
809 2742 841 2801 in
865 2741 1026 2825 publicum
1048 2741 1220 2816 emittunt,
1233 2749 1269 2798 ut
1291 2749 1373 2796 recto

322 2831 442 2914 judicio
463 2833 612 2916 dignum,
633 2838 667 2897 in
691 2859 754 2919 quo
776 2840 1007 2923 interpretando
1028 2840 1144 2920 ingenii
1165 2837 1374 2915 doctrinaeque

326 2933 480 3013 specimen
492 2933 632 3010 ederent,
647 2934 771 3018 elegisse
782 2937 958 3015 videantur,
972 2939 1077 2998 omnia
1090 2937 1124 2996 in
1139 2935 1194 2996 illo
1208 2935 1373 3006 mirantur,

304 3075 308 3082 .
326 3041 356 3088 et
369 3032 520 3091 sermonis
538 3031 740 3117 elegantiam,
758 3036 876 3118 ingenii
890 3057 1037 3112 acumen,
1052 3046 1084 3095 et
1096 3032 1205 3116 judicii
1220 3029 1375 3094 rectitudi-

326 3147 399 3186 nem
415 3126 559 3189 laudibus
578 3132 612 3189 in
628 3131 738 3192 caelum
751 3134 878 3196 tollunt.
892 3135 949 3196 Sed
967 3154 1065 3216 quum
1077 3129 1195 3214 judicia
1211 3131 1374 3189 doctorum
1439 3201 1442 3208 Ι

328 3223 366 3283 de
377 3222 463 3285 Flori
475 3228 631 3288 erroribus
642 3242 673 3292 ct
682 3231 765 3291 vitiis
778 3232 849 3312 styli
861 3232 979 3312 probo,
991 3245 1095 3290 tamen
1110 3249 1176 3289 non
1187 3246 1224 3286 co
1238 3223 1374 3299 inficias,

266 3377 270 3386 .
327 3321 427 3382 multa
441 3343 502 3384 esse
516 3327 550 3384 in
563 3325 635 3404 illo,
647 3328 732 3410 quod
748 3341 778 3387 et
792 3328 885 3387 iidem
903 3342 981 3388 recte
994 3326 1292 3398 animadverterunt,
1307 3321 1375 3382 lau·

307 3418 644 3504 idabilia,‚multaque
666 3424 830 3507 eleganter,
857 3437 960 3499 acute,
988 3437 1018 3484 et
1041 3443 1111 3482 cum
1133 3420 1373 3504 judicio-dicta:

327 3519 481 3601 praecipue
499 3519 554 3581 ubi
573 3543 694 3584 caussas
713 3522 899 3583 seditionum
918 3535 949 3583 et
969 3520 1178 3582 conversionis
1198 3518 1375 3603 reipublicae

327 3618 476 3677 Romanae
490 3621 630 3700 exponit,
641 3641 709 3704 quae
721 3618 800 3680 mihi
811 3641 930 3703 semper
940 3617 1155 3703 pulcherrimas
1167 3619 1261 3679 totius
1274 3618 1374 3700 operis

327 3723 429 3794 partes
437 3715 507 3773 visae
516 3715 654 3777 fuerunt:
666 3717 705 3778 ob
716 3737 847 3799 eamque
857 3737 1012 3792 caussam,
1025 3715 1131 3791 simul,
1142 3718 1216 3798 quia
1228 3713 1331 3776 nullus
1342 3713 1374 3771 in

327 3806 389 3869 boc
409 3832 519 3891 genere
537 3813 648 3875 melior
666 3826 710 3875 est
727 3827 813 3874 vetus
834 3815 973 3897 scriptor,
994 3815 1048 3895 qui
1067 3815 1109 3874 ita
1128 3813 1216 3896 quasi
1234 3813 1268 3870 in
1288 3810 1375 3871 brevi

329 3906 464 3986 quadam
474 3909 588 3972 tabella
598 3925 699 3974 totam
711 3911 820 3996 populi
830 3913 964 3973 Romani
975 3913 1145 3995 imaginem
1156 3909 1313 3993 amplexus
1323 3911 1374 3982 sit,

311 4043 314 4052 ·
330 4003 502 4087 gradusque
514 4030 621 4071 omnes
638 4033 672 4071 ac
686 4009 1034 4093 processusreipublicae
1047 4011 1088 4070 oh
1101 4007 1207 4069 oculos
1219 4007 1374 4089 posuerit,

331 4103 461 4162 omnino
480 4126 590 4188 sequor
609 4111 792 4169 sententiam
809 4107 968 4170 clarissimi
990 4109 1121 4180 Graevii,
1143 4107 1373 4186 dignumesse,
