3102 4942
387 527 694 592 TESTIMONIA
717 529 778 590 ET
800 529 1008 592 JUDlClA.
1201 549 1230 616 9·

178 650 286 722 citent,
297 669 395 731 quum
411 663 442 710 et
454 648 595 710 Solinum
607 650 735 732 saepius,
748 650 804 732 qui
814 647 908 732 longe
925 665 995 733 post
1005 662 1149 731 tempora
1162 653 1223 710 An·

176 749 235 807 nasi
253 745 336 808 l'lori
356 749 446 824 vixit,
468 761 502 808 ut
520 747 595 810 alibi
616 749 758 832 pluribus
779 749 993 824 ostendemus,
1013 762 1042 809 ct
1061 746 1138 809 alios
1157 768 1222 808 nou

177 848 354 908 vetustiores
373 859 427 908 ant
444 849 585 910 meliores
603 849 711 911 Solino
730 849 849 930 scriptis
866 851 946 924 suis,
964 861 999 908 ut
1013 843 1180 931 locupletes
1194 861 1223 908 et

178 943 302 1008 idoneos
318 959 406 1008 testes
418 946 576 1008 advocent

522 1180 552 1244 r.
577 1131 878 1255 ascensius

410 1391 451 1430 IN
478 1389 729 1432 enmrtrtortts
755 1391 801 1430 AD
826 1389 992 1430 nortun.

218 1557 253 1614 L.
274 1557 384 1616 Annaei
407 1555 494 1615 Flori
513 1557 672 1638 Epitomc,
689 1578 752 1637 quo
773 1554 997 1640 posterioribus
1018 1554 1227 1636 temporibus,

179 1671 278 1731 quum
285 1672 343 1732 pro
353 1650 518 1712 hominum
529 1651 654 1714 illorum
666 1653 810 1715 socordia
819 1653 1033 1736 praestantium
1042 1651 1227 1734 scriptorum

178 1747 342 1808 volumina
354 1749 522 1829 grandiora
536 1750 710 1825 sorderent,
723 1750 859 1833 plurium
870 1747 1100 1811 describebatur
1110 1760 1141 1808 et
1150 1762 1227 1808 tere·

178 1845 273 1906 batur
283 1847 443 1922 manibus,
456 1861 543 1908 tanto
560 1848 742 1928 flagitiosius
756 1848 816 1908 fuit
828 1859 990 1929 corrupta,
1004 1860 1034 1905 et
1044 1843 1228 1904 foedioribus

180 1944 342 2024 inquinata
360 1945 501 2006 maculis.
523 1947 560 2006 ln
578 1947 639 2008 illis
658 1947 886 2031 expungendis,
901 1959 931 2005 et
951 1945 1079 2026 pristina
1099 1943 1230 2002 sanitate

180 2039 434 2122 redintegranda,
456 2064 556 2124 quum
579 2058 650 2126 post
672 2057 792 2104 tantam
815 2058 846 2103 et
870 2056 935 2101 tam
958 2041 1084 2122 longam
1106 2052 1229 2099 noctem

181 2137 459 2217 pulcherrimarum
473 2143 586 2201 artium
601 2142 655 2202 lux
666 2142 846 2216 exoriretur,
861 2139 995 2200 multum
1008 2137 1103 2197 studii
1116 2157 1230 2218 operae·

181 2257 241 2317 que
253 2252 440 2318 posuerunt,
454 2240 509 2319 qui
522 2241 650 2320 ingenio
663 2251 693 2299 et
705 2238 848 2300 doctrina
860 2257 924 2319 prae
940 2237 1070 2311 eaeteris,
1083 2255 1139 2294 suo
1153 2234 1233 2314 quis·

182 2357 243 2415 que
255 2335 376 2412 saeculo,
389 2336 576 2413 floruerunt,
585 2337 670 2398 Elias
676 2338 821 2413 Vinetus,
831 2337 849 2394 J
852 2347 936 2396 ustus
949 2335 1083 2416 Lipsius,
1097 2335 1232 2392 loannes

183 2433 348 2508 Gruterus,
363 2432 511 2499 Claudius
531 2435 713 2510 Salmasius,
732 2437 870 2494 loannes
888 2429 1133 2505 Freinshemius,
1152 2427 1233 2487 Ada-

182 2550 251 2589 mus
264 2531 433 2613 liupertus,
449 2547 478 2594 et
495 2535 643 2615 nuperius
658 2537 762 2608 Anna,
776 2529 953 2612 Tanaquilli
965 2529 1058 2589 Fabri
1074 2528 1150 2589 filia.
1166 2527 1233 2585 Hoc

182 2641 286 2688 tamen
314 2630 419 2711 Augiee
442 2631 599 2691 stabulum
624 2652 691 2691 non
714 2632 757 2691 sic
781 2641 952 2712 potuerunt
975 2649 1130 2710 purgare,
1158 2625 1234 2708 quin

182 2725 280 2784 multa
302 2725 549 2807 relinquerentur
567 2741 762 2810 posterorum
779 2725 938 2786 industriae
957 2745 991 2784 ac
1010 2723 1151 2784 solertiae.
1173 2723 1235 2782 Nec

182 2821 262 2881 nihil
282 2823 319 2882 ad
337 2823 541 2886 cumulandos
558 2825 617 2886 bos
638 2847 742 2886 naevos
763 2825 829 2906 ipsa
848 2821 1003 2884 scribendi
1021 2823 1122 2896 ratio,
1141 2841 1236 2901 quam

183 2933 303 2978 secutus
315 2935 359 2978 est
370 2920 495 2997 florus,
508 2921 651 2983 contulit.
665 2924 746 2982 Nam
758 2941 857 3001 quum
871 2919 992 2978 ablatus
1007 2917 1173 2998 depravata
1188 2917 1238 2974 de-

184 3014 390 3074 clamatorum
405 3021 502 3077 aetatis
517 3040 579 3078 sure
597 3018 721 3079 dicendi
734 3015 977 3088 consuetudine,
994 3012 1128 3072 multum
1143 3011 1238 3072 desci-

185 3114 276 3173 visset
294 3133 311 3172 a
331 3115 437 3173 nativa
456 3113 512 3172 illa
530 3129 559 3173 et
575 3115 715 3174 infucata
733 3111 870 3172 castitate
889 3125 918 3172 et
934 3109 1069 3171 candore
1089 3111 1239 3170 sermonis

185 3211 298 3287 latini,
307 3211 362 3291 qui
373 3211 405 3270 in
413 3209 552 3270 Tulliani
564 3223 593 3271 et
604 3208 750 3292 Augustei
761 3207 878 3269 saeculis
888 3207 1089 3291 scriptoribus
1098 3207 1236 3288 effulget,

186 3325 215 3368 et
230 3309 383 3369 cincinnis
400 3330 435 3368 ae
453 3307 635 3368 calamistris
650 3307 894 3382 declamatoriis,
913 3305 1041 3367 concisis
1056 3318 1085 3366 et
1099 3306 1237 3389 abruptis

186 3405 361 3480 sententiis,
381 3425 523 3467 necnon
545 3407 727 3467 acuminum
748 3403 877 3485 argutiis
896 3423 983 3463 suam
1000 3423 1080 3485 saepe
1100 3415 1238 3464 caecassct

187 3504 377 3577 orationem,
393 3504 484 3564 rudes
498 3504 705 3564 barbarorum
718 3502 904 3564 saeculorum
915 3500 1075 3575 homines,
1087 3523 1155 3582 quae
1172 3521 1238 3561 non

188 3599 367 3680 capiebant,
377 3600 604 3683 interpolarunt
616 3599 768 3674 crebrius,
779 3612 810 3658 et
818 3597 1073 3680 audacius,quod
1086 3596 1237 3657 etValerii

188 3697 316 3756 Maximi
330 3691 428 3755 fatum
442 3697 517 3773 fuit,
533 3699 587 3778 qui
602 3696 725 3757 laborat
736 3715 863 3777 quoquc
877 3711 907 3756 et
919 3697 983 3770 sui,
1001 3709 1031 3755 et
1044 3695 1239 3774 sequentium

190 3794 373 3855 seculorum
389 3795 479 3853 vitiis.
493 3794 628 3856 Diffiteri
647 3785 740 3854 nemo
760 3807 877 3876 potest,
897 3793 950 3874 qui
972 3790 1099 3874 quidem
1119 3793 1152 3850 in
1172 3790 1240 3848 ido·

190 3909 320 3950 nieorum
331 3892 446 3951 Latinae
459 3890 573 3972 linguae
586 3905 765 3968 auctorum,
778 3890 832 3970 qui
845 3887 988 3949 nondum
1001 3910 1018 3948 a
1030 3887 1241 3947 declamatori-

191 3987 249 4046 bus
267 4001 353 4049 erent
373 3990 529 4071 corrupti,
549 3989 681 4050 lectione
702 4001 839 4049 versatus
860 3999 921 4060 est,
943 3997 972 4052 et
990 4004 1095 4045 veram
1116 3981 1240 4043 dicendi

192 4085 275 4143 viam
297 4098 393 4161 tenet,
412 4085 567 4146 multam
586 4085 680 4145 floro
699 4085 815 4168 passim
833 4099 1010 4155 occurrere,
1027 4101 1094 4161 quae
1111 4077 1242 4138 minime

194 4179 294 4244 ferent
305 4202 391 4243 aures
404 4197 512 4245 teretes
523 4197 554 4244 et
567 4181 732 4263 religiosae3
745 4195 775 4241 et
789 4193 853 4240 tam
866 4181 900 4238 in
914 4179 1087 4250 sententiis,
1101 4190 1196 4256 quam
1209 4173 1242 4226 in
