3160 4948
315 423 374 509 ηις
634 417 671 482 u.
696 417 853 482 suum
876 417 1020 484 rnoru

311 550 372 644 qui
383 549 487 616 situm
496 547 680 642 regionum
695 570 836 617 suarum
848 572 987 619 summo
1000 547 1198 644 speculatus
1210 551 1346 639 Haemo,

311 663 431 759 positis
446 686 511 757 per
526 658 677 758 abrupta
693 663 829 749 castris,
846 662 895 731 ita
913 660 1163 733 Macedoniarn
1176 689 1275 735 suam
1289 690 1348 735 ar-

311 781 375 847 mis
389 775 556 874 ferroque
567 773 772 866 vallaverat,
783 794 823 848 ut
836 803 908 849 non
924 776 1104 878 reliquisse
1121 780 1272 868 aditum,
1282 785 1347 853 nisi

277 909 331 961 ta
356 888 441 962 caelo
464 892 616 961 venturis
639 887 818 979 hostibus,
840 891 1028 964 videretur.
1051 896 1185 966 Tamen
1210 896 1346 966 Marcio

307 1001 472 1102 Philippo
492 1001 649 1091 consule,
665 1029 744 1075 eam
764 1009 985 1103 provinciam
1006 1011 1177 1106 ingressus
1194 1008 1347 1108 populus

306 1124 505 1208 Romanus,
532 1117 719 1216 exploratis
745 1117 931 1219 diligenter
958 1123 1171 1213 accessibus,
1198 1141 1347 1223 propter

306 1231 493 1306 Astrudem
511 1231 694 1333 paludem,
711 1261 778 1334 per
795 1233 942 1307 acerbos
962 1236 1160 1338 dubiosque
1173 1237 1343 1330 tumulos,

306 1348 365 1422 illa
379 1375 456 1449 quae
474 1348 676 1422 volucribus
691 1375 834 1449 quoque
848 1349 1059 1424 videbantur
1075 1357 1169 1424 invia
1186 1360 1345 1443 accessit;

306 1491 425 1564 regem
437 1491 615 1553 securum,
639 1482 674 1537 et
689 1462 777 1535 nihil
794 1461 863 1537 tale
878 1484 1110 1558 metuentem,
1131 1469 1245 1542 subita
1261 1467 1346 1542 belli

272 1600 288 1650 6
305 1583 501 1677 irruptione
514 1583 649 1651 terruit.
672 1580 779 1678 Cujus
799 1595 897 1652 tanta
912 1582 1104 1680 trepidatio
1121 1582 1203 1674 fuit,
1226 1602 1263 1656 ut
1279 1613 1345 1683 pe-

305 1698 445 1765 cuniam
467 1719 609 1766 ornnem
635 1697 671 1764 in
698 1719 796 1765 mare
811 1695 953 1792 jusserit
974 1703 1103 1798 mergi,
1124 1724 1169 1770 ne
1192 1703 1343 1798 periret;

272 1831 286 1882 7
304 1807 449 1883 classem
457 1813 616 1899 cremari,
626 1836 670 1881 ne
680 1807 938 1882 incenderetur.
948 1811 1070 1885 Paullo
1078 1812 1345 1916 consule,quum

304 1925 437 2024 majora
460 1939 495 1996 et
518 1922 642 1997 crebra
665 1939 777 1995 essent
797 1927 962 2022 imposita
977 1927 1154 2024 praesidia,
1174 1955 1240 2025 per
1260 1928 1344 2001 alias

303 2041 375 2111 vias
391 2037 604 2111 Macedonia
624 2035 798 2136 deprensa
817 2053 884 2127 est,
902 2064 1038 2111 summa
1053 2039 1197 2138 quidem
1216 2057 1291 2113 arte
1307 2059 1344 2113 et

338 2209 364 2277 4.
374 2209 476 2260 Hoemo.
486 2206 540 2273 Qui
551 2225 627 2259 mons
636 2204 801 2258 Thraciams
841 2207 973 2272 referant,
992 2205 1027 2259 ad
1045 2207 1164 2261 laborem
1184 2209 1295 2262 militum
1316 2214 1342 2263 in

304 2289 387 2360 Mysia
399 2285 499 2338 dividit.
841 2285 996 2357 superandis
1006 2286 1056 2339 illis
1068 2288 1185 2340 tumulis.
1196 2290 1297 2343 Dubios
1308 2293 1344 2342 vi-

339 2367 363 2418 5.
377 2365 488 2430 Tamen,
502 2363 613 2416 Marcio.
626 2363 700 2415 Hane
713 2381 800 2415 ernen-
840 2363 917 2418 detur
927 2367 1019 2418 Florus
1032 2365 1127 2420 dixisse
1140 2370 1235 2441 partim
1248 2367 1283 2420 ob
1294 2370 1343 2420 ini·

303 2445 437 2498 dationem
453 2463 484 2497 ex
499 2447 556 2498 Nic.
573 2445 680 2496 Heinsio
698 2445 800 2514 accepi·
840 2445 968 2514 quitatem
979 2444 1111 2511 locorum,
1124 2448 1221 2516 partim
1232 2446 1341 2516 qnodin

302 2523 801 2596 mustvulgo,NaatMaroio.-Prop·
839 2522 1052 2576 transcendendo
1060 2524 1341 2590 metuebantliomani,

302 2603 488 2656 terAstsudem.
495 2602 539 2654 Nil
546 2602 630 2654 verius
636 2602 800 2655 correctione
839 2621 912 2656 nese
923 2601 974 2654 illis
982 2601 1072 2656 hostes
1083 2621 1114 2654 ex
1122 2602 1223 2657 insidiis
1232 2616 1341 2676 repente

300 2697 392 2757 preter
413 2683 560 2738 Ascuridem
576 2682 716 2754 paludem,
743 2701 799 2754 qnae
839 2682 936 2736 alicubi
957 2694 1132 2752 opponerent.
1155 2681 1197 2734 Sic
1221 2685 1339 2756 Propert.

302 2783 383 2835 quum
395 2765 509 2830 Livium,
521 2762 611 2827 XLIV,
622 2779 651 2827 a,
662 2760 692 2825 3,
711 2779 800 2814 sueso-
838 2760 883 2827 Ν,
898 2761 931 2828 4,
948 2762 978 2814 tr
993 2781 1000 2811 ε
1018 2763 1117 2816 «Mons
1136 2775 1192 2816 eret
1211 2762 1340 2817 adscensu

300 2865 355 2897 rem
367 2844 480 2910 babeat,
496 2863 516 2896 a.
527 2843 623 2897 criticis
637 2840 796 2893 defenditur.
841 2863 852 2886 ι
864 2838 991 2893 dubius·

300 2924 449 2977 Ascuridem
458 2923 541 2994 magis
552 2923 631 2974 etiem
642 2919 686 2972 bic
697 2919 797 2991 probo,
872 2919 898 2970 6.
914 2919 1060 2972 Pecuniam
1075 2939 1178 2972 omnem
1197 2922 1225 2972 t'a
1241 2941 1339 2974 mare...

297 3019 409 3075 propter
425 3004 582 3074 scripturam
597 2999 668 3052 MSS.
683 3000 727 3071 qui
743 3013 797 3052 ter·
838 3015 871 3049 tte
881 3001 993 3070 periret,
1007 3013 1058 3053 etc.
1075 3003 1196 3066 Dictum,
1214 3003 1340 3055 urerent

299 3083 552 3136 minationemistam
560 3079 797 3149 ostenduntquam
837 3094 936 3132 vocent
949 3078 1079 3149 ὄξὺμηοι,
1091 3080 1120 3132 id
1131 3094 1184 3144 est,
1194 3091 1270 3134 acute
1278 3079 1340 3133 stul-

300 3163 372 3235 quod
399 3162 507 3234 quidam
535 3160 637 3213 melnnt
662 3157 795 3211 Ascurida.
837 3169 902 3212 tum.
915 3161 958 3214 Sic
966 3159 1236 3226 ittudThemistoctis,
1251 3161 1339 3230 perie-

298 3245 386 3295 'l'rsum
398 3271 435 3282 --
445 3242 551 3294 Acerba
562 3239 700 3311 dubiosque
714 3248 798 3292 tumu-
836 3257 940 3306 rsmus,
956 3241 1006 3293 nisi
1021 3241 1198 3312 periissemus.
1213 3240 1254 3292 Sic
1269 3241 1339 3293 Met·-

299 3321 343 3376 los.
359 3321 448 3373 Malim
462 3321 559 3373 servari
569 3319 633 3372 mibi
646 3321 797 3372 istosacer-
837 3317 922 3384 dalis,
947 3321 986 3383 11,
1013 3321 1067 3372 80:
1099 3321 1229 3372 «Hostem
1257 3334 1340 3390 quum

297 3401 346 3454 bos
354 3401 503 3474 dubiosque
509 3400 640 3464 tumulos,
648 3417 727 3470 quam
733 3417 795 3452 cnm
837 3419 850 3443 u
860 3398 977 3468 fugeret,
988 3415 1015 3448 se
1023 3398 1139 3450 Fannius
1149 3399 1206 3468 ipse
1217 3399 1339 3468 peremit.

296 3483 354 3533 Nic.
374 3483 481 3534 Heinsio
501 3485 546 3552 qui
564 3499 609 3532 eos
629 3497 795 3550 concoquere
838 3478 921 3543 «nic,
934 3496 1014 3549 rogo,
1024 3495 1079 3529 non
1089 3479 1166 3530 furor
1177 3492 1230 3543 est,
1242 3497 1275 3530 ne
1284 3495 1339 3531 mo-

296 3579 351 3614 tion
364 3565 468 3633 potuit,
482 3579 580 3614 aomos
595 3561 729 3632 deviasque
742 3577 795 3612 res·
838 3559 941 3622 eriere,
957 3560 1066 3610 morib
1079 3560 1171 3612 Senec.
1188 3561 1270 3631 Epist.
1286 3559 1337 3626 24:

295 3639 406 3693 eribere.
433 3643 514 3692 Recte
543 3639 645 3690 notavit
674 3635 794 3690 Dukerus
837 3637 972 3688 «Tantam
983 3635 1339 3708 hominumitnprudentiem

295 3738 400 3773 aversos
410 3734 439 3773 et
449 3720 539 3772 devios
551 3717 621 3770 idem
633 3735 707 3788 pene
716 3717 795 3787 signi·
837 3737 850 3762 ·
859 3733 930 3778 esse,
947 3716 1027 3766 immo
1043 3715 1220 3782 dementiam,
1237 3728 1267 3768 nt
1279 3715 1338 3786 qui·

294 3797 444 3852 licore:nee
452 3797 661 3870 improbabiliter
668 3797 794 3866 conjecit,
838 3793 925 3846 *dem
941 3796 1034 3848 timore
1051 3797 1142 3848 mortis
1159 3807 1288 3865 cogantur
1304 3793 1338 3846 sd

294 3895 344 3946 pro
363 3877 478 3940 aenbos,
499 3873 573 3943 quod
595 3873 730 3945 epitheton
752 3873 794 3926 bic
838 3887 1002 3927 «mortem.-

295 3973 363 4006 nove
379 3967 537 4025 usurpatur,
556 3951 698 4027 legendum
710 3948 794 4004 videri
872 3969 896 4021 7.
911 3953 1042 4026 Deprensa
1056 3966 1099 4007 est.
1114 3953 1189 4006 Alter
1200 3951 1335 4000 Palatinus

292 4052 400 4103 asperos.
409 4032 513 4101 Quibus
523 4029 612 4102 placet
618 4029 732 4082 retinere
738 4027 795 4081 vul·
834 4042 861 4081 et
872 4031 953 4081 editio
964 4036 991 4080 P.
1001 4035 1129 4099 depressa,
1142 4045 1291 4100 perperam.
1299 4053 1334 4068 ·-

292 4127 399 4182 gotum,
413 4113 441 4165 bi
455 4109 592 4182 epitheton
604 4107 674 4162 istud
687 4121 794 4180 oportet
834 4107 897 4164 Atia
908 4109 1030 4162 mmm.
1042 4108 1073 4160 ld
1084 4121 1139 4175 est,
1154 4107 1204 4161 elie
1214 4107 1264 4159 via.
