3108 4956
554 401 944 468 urranrurirrus.
1017 465 1020 474 ,
1208 425 1267 492 271

231 531 419 600 inermium
440 529 571 598 civium
591 530 628 598 in
648 522 731 598 villa
750 523 895 626 publica
915 523 1067 598 interfici
1080 524 1190 622 jussit.
1214 527 1275 596 Isti
1294 544 1327 600 ιι

231 658 286 716 tot
305 645 342 715 in
362 667 467 741 pace,
489 667 563 714 non
576 639 695 740 plures
711 640 809 713 sunt?
828 639 917 729 Quis
930 655 1050 712 autem
1063 637 1141 712 illos
1160 653 1276 739 potest

232 773 456 855 computare,
470 781 559 856 quos
573 759 611 828 in
623 755 722 828 Urbe
738 759 883 854 passim,
899 759 1054 884 quisquis
1069 753 1196 846 voluit,
1211 779 1276 827 oc·

232 873 336 946 cidit?
364 873 495 962 donec,
522 871 737 946 admonente
764 854 939 961 Furfidib,
971 875 1115 946 «vivere
1140 870 1277 970 aliquos

235 1019 252 1050 ι
264 985 411 1077 debere,
426 1001 467 1058 ut
483 1001 596 1058 essent
607 985 757 1084 quibus'
749 999 982 1083 imperarent,
994 1017 1008 1048 ι
1027 989 1211 1083 proposita
1227 1002 1278 1060 est

233 1108 354 1204 ingens
368 1101 429 1175 illa
442 1101 582 1174 tabula:
599 1117 635 1174 et
649 1128 691 1173 ex
705 1105 782 1199 ipso
798 1104 968 1200 equestris
988 1099 1120 1173 ordinis
1134 1101 1222 1174 flore
1236 1128 1279 1176 ac

233 1234 372 1292 senatus
393 1216 465 1289 duo
486 1215 597 1290 millia
620 1215 738 1305 electi,
758 1219 819 1314 qui
839 1219 932 1288 mori
945 1212 1175 1313 juberentur:
1195 1221 1278 1290 novi
1313 1235 1319 1248 *

233 1338 371 1434 generis
385 1331 553 1405 edictum.

282 1453 383 1548 Piget
402 1445 574 1545 posthaec
593 1445 734 1518 referre
741 1443 896 1540 ludibrio
917 1390 1041 1539 babita
1057 1444 1132 1518 fata
1147 1408 1331 1634 Carbolas

235 1566 305 1652 nis,
319 1561 393 1634 fata
405 1562 530 1634 Sorani
540 1565 718 1661 praetoris,
731 1571 837 1660 a'tque
846 1543 1026 1649 venuleii3
1040 1549 1233 1633 Baebium
1206 1586 1259 1633 sm

236 1679 351 1768 ferro,
372 1682 443 1750 ritu
460 1676 667 1768 ferarum,
657 1695 749 1750 r'nter
766 1703 891 1756 manus
904 1675 1091 1766 laniatum5
1109 1677 1279 1791 Marium,

236 1795 365 1868 ducis'
355 1798 464 1893 ipsius
481 1793 644 1882 fratrem,
664 1792 761 1893 apud
780 1793 895 1868 Catuli
907 1792 1133 1915 sepulcrum,
1153 1792 1278 1883 oculis,

238 1909 398 1984 manibus
404 1910 660 2010 ,cruribusque
672 1909 834 1998 defossis,
854 1925 1030 1982 servatum
1043 1873 1279 2026 aliquamdiu,

1268 2055 1319 2110 N

238 2227 371 2280 Ciceronis
381 2225 414 2278 ad
425 2228 554 2292 Atticum,
568 2225 628 2278 libr.
639 2227 684 2292 lv,
698 2226 739 2291 16,
778 2228 852 2279 mab.
869 2225 905 2277 Le
920 2227 994 2278 senat
1008 2243 1041 2276 ne
1056 2224 1094 2276 vit
1108 2220 1183 2298 qu'en
1203 2233 1281 2276 trem·

239 2317 295 2357 not.
316 2304 367 2372 45:
390 2303 503 2356 qutoit
520 2323 573 2355 nna
589 2305 688 2356 maison
705 2301 739 2354 orl
780 2304 853 2357 blant
873 2323 909 2356 nn
926 2305 1061 2376 deffenseur
1070 2305 1093 2356 si
1104 2302 1279 2375 impitoyable.

196 2399 198 2410 ¹
237 2383 275 2438 les
294 2401 401 2456 umqum
419 2401 445 2435 se
463 2384 578 2435 tenuimt
597 2381 740 2434 ordinaire·
778 2379 1281 2453 (Nuncadrertnslector2)Qnelqu'nn

239 2471 312 2513 ment
325 2458 444 2532 pendant
462 2458 499 2513 les
513 2459 660 2514 assentbldes
673 2475 743 2532 pour
781 2481 842 2516 vous
855 2464 909 2515 dit:
922 2462 1012 2533 Sylla,
1020 2463 1126 2536 jann'it
1140 2461 1229 2534 quand
1242 2463 1282 2513 τό.

239 2537 360 2592 semirles
371 2537 515 2611 magistrats
523 2537 688 2612 encasqu'on
698 2539 741 2588 etit
778 2541 929 2612 madias-tu
942 2542 967 2595 le
976 2560 1038 2615 my
1050 2542 1167 2594 romain?
1177 2551 1283 2593 vaux-tu

240 2619 325 2672 bomin
335 2619 367 2670 de
378 2617 437 2671 leur
445 2618 588 2686 ministdre,
601 2629 626 2670 et
634 2621 668 2669 ot
678 2633 741 2670 ceux
781 2639 814 2674 ne
825 2623 993 2675 commundat
1001 2621 1060 2694 qu'ir
1076 2621 1120 2673 des
1134 2619 1283 2672 mamilles?

240 2696 742 2772 qniavnientdonndleursuffraqepou-
780 2700 918 2754 Pontion
934 2718 995 2754 vom
1008 2699 1135 2788 publidtes
1151 2716 1189 2750 ces
1203 2696 1283 2750 nastes

241 2775 427 2832 mients'aller
440 2787 530 2829 mettre
543 2779 681 2830 notavere.
696 2777 742 2828 Les
781 2797 826 2852 qur
822 2776 988 2831 άέσίᾰὲιτιιι
1004 2778 1036 2830 de
1056 2776 1083 2828 ta
1104 2776 1144 2828 vie
1161 2785 1187 2825 et
1206 2775 1237 2826 de
1255 2773 1283 2827 la

240 2857 369 2951 cohortes,
383 2856 502 2908 maniter
515 2874 567 2927 par
579 2854 614 2910 les
629 2854 742 2923 consuls,
782 2865 849 2907 mort
860 2854 1000 2927 decisaque
1011 2854 1144 2924 eitoyen.»
1158 2851 1283 2925 —Fnfi-

240 2953 253 2987 ι
254 2953 277 3005 y
284 2931 470 2996 assemblaient,
475 2942 501 2984 et
508 2933 543 2985 les
549 2951 662 2986 nements
665 2952 688 3004 y
689 2932 745 3003 fat
783 2935 835 2987 dio.
850 2935 926 2986 Hoc
920 2954 947 2986 ιιι
958 2934 1063 2986 nomine
1076 2934 1185 2984 variant.

242 3011 325 3064 sanent
332 3010 357 3062 le
364 3010 613 3062 denombrementdu
618 3009 741 3081 peuple.
820 3011 862 3062 26.
881 3011 1003 3064 Praetoris
1014 3021 1091 3080 atque
1108 3007 1237 3063 Venuleii.
1255 3011 1284 3062 ln

280 3081 746 3159 25.Initotinpacenonplnressunt?
784 3087 857 3140 libris
869 3107 935 3158 quos
945 3086 1085 3140 Salmasius
1095 3086 1221 3156 inspexit,
1230 3099 1285 3162 erat

244 3169 302 3220 Hoc
312 3183 404 3219 sensu:
419 3164 471 3217 leta
484 3176 597 3235 quatuor
609 3163 745 3216 bominum
784 3165 916 3236 proewiios
927 3183 999 3237 oeqne
1018 3163 1163 3218 Venuleius.
1182 3166 1212 3216 ln
1221 3164 1285 3216 ¹aliis

245 3245 325 3300 millia
339 3263 406 3317 quot
421 3241 488 3316 Sylla
500 3242 527 3294 iu
539 3260 606 3314 pace
616 3243 695 3314 jussit
705 3243 746 3294 in·
783 3243 915 3315 pneton'os
938 3255 1016 3318 atque
1042 3241 1189 3298 Venuleios.
1218 3244 1285 3295 Hinc

244 3325 340 3390 terfici,
358 3341 448 3376 nonne
465 3323 555 3394 plures
571 3336 646 3388 sunt,
666 3339 746 3392 quam
783 3323 832 3372 viri
854 3319 925 3374 docti
946 3321 1122 3391 conjiciebant
1146 3319 1286 3391 legendum

244 3403 411 3473 septuaginta
418 3401 461 3454 illa
469 3399 558 3468 millia,
568 3401 668 3472 quosin
675 3398 745 3452 bello
783 3398 919 3453 Ploeton'os
932 3411 1010 3473 atque
1027 3399 1173 3455 Venuleios.
1193 3399 1286 3452 Plaeto-

245 3481 383 3532 interfeoit.
405 3507 442 3518 -
461 3480 550 3532 Donec
576 3478 744 3544 admonente,
784 3481 852 3531 rium
862 3481 977 3534 occisum
991 3481 1071 3544 refert
1084 3477 1142 3532 vat.
1153 3481 1222 3532 Max.
1235 3479 1286 3546 XI,

246 3571 297 3612 etc.
316 3559 392 3610 Hune
405 3556 475 3609 Flori
490 3557 578 3610 locum
592 3577 646 3610 non
660 3558 746 3610 solum
787 3575 830 3608 at.
841 3558 928 3610 Τιιιιι.
939 3587 974 3597 —-
983 3559 1113 3624 Marium,
1123 3559 1193 3610 ducis
1208 3557 1287 3630 ipsius

245 3636 375 3688 imitatum
386 3635 477 3700 fuisse,
488 3639 548 3688 etin
556 3635 684 3688 Gallicum
691 3654 746 3688 ser·
780 3633 1287 3707 fratrem.Valdeprobabiliterdisputat

246 3733 354 3768 monem
379 3727 478 3768 vertere
504 3713 617 3768 voluisse
642 3714 747 3768 ‘ridetur
785 3715 935 3767 Perizonius
945 3715 1058 3766 Marium
1072 3713 1143 3765 hunc
1156 3713 1287 3766 Gratidia-

246 3795 446 3860 Mortrrsourru,
454 3793 482 3844 in
491 3792 536 3844 illo
542 3796 598 3863 jum
607 3811 685 3864 supra
693 3791 748 3844 lau·
785 3812 849 3844 nurn
859 3811 873 3845 a
885 3793 963 3846 Floro
975 3793 1081 3846 fratrem
1092 3792 1287 3863 Mariijunion's

248 3872 311 3927 dato
320 3875 440 3926 Eueratrs
449 3886 476 3925 et
487 3872 560 3944 Syllae
570 3871 688 3943 dialogo,
702 3871 748 3924 ubi
786 3870 838 3924 dici
844 3890 920 3943 ,pro
934 3873 1015 3924 fratre
1030 3870 1154 3944 patrueli,
1173 3885 1202 3923 ut
1219 3891 1287 3944 sepe

247 3953 373 4006 Eucrates
391 3952 425 4006 ad
443 3949 590 4026 syllam„
579 3951 670 4006 «Votis
687 3969 748 4002 avez
787 3911 860 4039 apud
874 3950 948 4004 alios.
963 3983 997 3996 -
1010 3949 1129 4022 Defonis
1143 3951 1182 4004 lta
1196 3971 1287 4006 omnes

248 4032 338 4084 exord
347 4051 405 4086 sans
415 4031 483 4104 ιιιέ
493 4030 529 4084 les
534 4027 670 4100 fonctions
680 4025 749 4080 dela
789 4028 887 4098 scripti
913 4025 1028 4080 Malebat
1045 4042 1133 4082 tamen
1151 4029 1287 4084 Freinshe-

248 4050 435 4181 ιιὶιιιιειιιἹιὶιρ
421 4109 600 4183 magistratum
609 4105 751 4181 quifntja·
791 4107 858 4160 mins
869 4105 995 4179 perfossis.
