3156 4950
305 543 367 586 200
564 593 565 596 Ἴ
631 523 666 586 L.
691 523 844 585 ANNAEI
868 519 1013 584 FLORl

304 671 428 717 aureos
444 648 552 740 (sicut
566 662 680 745 poetae
697 647 846 739 canunt)
858 644 938 743 jure
954 646 1153 740 meritoque
1170 639 1341 730 fateatur3

269 773 286 823 3
304 775 445 831 centum
459 775 642 859 sequentes
654 759 787 832 ferreos
800 756 906 858 plane
921 751 956 829 et
969 773 1150 848 cruentos,
1166 761 1243 829 etsi
1257 755 1344 855 quid

304 877 508 946 immanius:
523 879 655 974 quippe
668 879 729 973 qui
739 871 972 973 Jugurthinis,
988 870 1191 962 Cimbricis,
1206 869 1345 942 Mithri-

304 987 446 1078 daticis,
468 988 638 1061 Parthicis
656 985 779 1079 bellis,
804 985 948 1070 Gallicis
973 1004 1079 1086 atque
1104 987 1342 1074 Germanicis,

304 1099 431 1198 quibus
454 1101 579 1174 caelum
602 1106 719 1201 ipsum
741 1099 854 1201 gloria
875 1098 1076 1190 adscendit,
1101 1097 1343 1188 Gracchanas,

303 1217 562 1317 Drusianasque
572 1217 702 1306 caedes,
714 1216 841 1290 adhoc
853 1214 997 1288 Servilia
1008 1214 1103 1288 bella
1114 1223 1343 1303 miscuertmt3

271 1343 288 1410 t
306 1347 358 1421 et,
377 1357 422 1404 ne
436 1332 525 1431 quid
536 1333 749 1431 turpitudini
763 1331 870 1422 desit,
886 1330 1118 1404 Gladiatoria.
1134 1333 1295 1430 Denique
1308 1334 1344 1402 in

304 1453 431 1546 seipse
447 1474 635 1522 conversus
653 1451 842 1538 Marianis,
860 1465 965 1547 atque
980 1446 1145 1547 Syllanis,
1159 1450 1345 1519 novissime

305 1567 484 1663 Pompeii,
506 1582 541 1637 et
559 1567 704 1638 Caesaris
722 1564 904 1654 manibus,
926 1569 1025 1663 quasi
1045 1591 1112 1665 per
1134 1561 1288 1653 rabiem,
1311 1581 1348 1635 et

272 1697 288 1748 5
305 1677 479 1770 furorem,
493 1697 529 1753 et
539 1681 651 1771 nefas,
664 1698 775 1754 semet
785 1687 859 1781 ipse
868 1679 1045 1753 laceravit.
1056 1682 1146 1772 Quae
1155 1663 1347 1778 etsijuncta

305 1799 398 1867 inter
415 1822 451 1868 se
469 1813 549 1868 sunt
566 1803 686 1871 omnia
701 1815 806 1899 atque
823 1797 987 1889 confusa,
1001 1814 1121 1870 tamen
1136 1823 1207 1896 quo
1223 1793 1347 1867 melius

306 1929 519 2010 appareant,
538 1912 641 1984 simul
659 1927 695 1986 et
712 1939 757 1985 ne
773 1911 907 2002 scelera
918 1911 1105 2000 virtutibus
1123 1910 1347 2010 obstrepant,

272 2038 290 2090 6
307 2033 497 2124 separatim
517 2027 761 2128 proferentum
783 2031 969 2127 priusque,
991 2041 1030 2098 ut
1051 2029 1238 2124 coepimus,
1253 2023 1348 2124 justa

307 2141 367 2215 illa
388 2160 422 2216 et
442 2149 502 2244 pia
519 2173 601 2218 cum
617 2149 743 2218 exteris
759 2144 920 2244 gentibus
941 2141 1036 2215 bella
1053 2138 1347 2228 memorabimus,

306 2274 347 2329 nt
357 2257 563 2358 magnitudo
578 2264 765 2333 crescentis
776 2265 813 2332 in
826 2258 900 2331 dies
911 2262 1054 2367 imperii
1066 2271 1247 2356 appareat.
1255 2256 1350 2326 Tum

308 2369 355 2442 ad
379 2369 439 2442 illa
461 2355 593 2446 civium
613 2372 763 2465 scelera,
787 2390 978 2474 turpesque
1002 2389 1037 2444 et
1062 2376 1189 2471 impias
1215 2394 1349 2470 pugnas

309 2505 538 2570 revertemur.

309 2655 403 2706 hanam
415 2657 509 2729 popule
524 2659 637 2712 Romani
647 2663 808 2733 provinciam
848 2655 1349 2725 Romanossciscendi‚decernendi,et

307 2733 380 2786 dicit.
400 2737 462 2788 Post
477 2738 592 2791 Africam
610 2740 707 2794 deinde
723 2740 809 2794 domi·
848 2739 983 2794 indicendi
1000 2739 1064 2792 belli
1083 2741 1137 2792 ritu
1152 2739 1245 2790 merito
1262 2749 1350 2792 ortum

307 2825 375 2880 tam,
386 2815 460 2867 initio
470 2817 605 2888 Epitomes
616 2819 678 2872 belli
688 2820 810 2873 Macedo.
848 2819 969 2873 habetur.
982 2818 1033 2872 Sed
1042 2819 1151 2870 Florum
1162 2835 1193 2870 eo
1203 2835 1257 2867 nou
1267 2816 1349 2886 respi-

307 2893 361 2944 nici
373 2896 465 2965 primi,
480 2896 563 2970 babes
575 2900 670 2952 verba:
687 2901 808 2953 «Secutae
848 2918 907 2952 cere
925 2897 1047 2952 arbitror.
1064 2899 1132 2948 Nam
1146 2897 1168 2947 is
1182 2897 1251 2948 inter
1263 2895 1310 2966 pia
1323 2903 1350 2943 et

311 2986 392 3024 «sunt
403 2978 490 3027 statim
502 2977 618 3029 Africam
630 2992 738 3048 gentes,
749 2981 808 3031 Ma·
846 2980 917 3048 justa
928 2978 1008 3030 etiam
1018 2975 1088 3028 bella
1098 2976 1209 3027 Caesaris
1220 2993 1280 3026 curn
1287 2972 1352 3024 Ger*

311 3052 457 3122 ucedonia,
468 3058 582 3124 Graecia,
594 3059 684 3132 Syria,
696 3073 745 3112 etc.
758 3085 768 3108 ι
848 3059 934 3110 mauis
950 3071 976 3109 et
989 3053 1087 3122 Gallis,
1101 3057 1221 3126 Pompeii
1235 3073 1295 3106 cum
1307 3053 1352 3102 Ti-

331 3130 368 3182 e.
391 3133 493 3206 Quippe
510 3136 557 3208 qui
564 3176 573 3204 ,
594 3151 642 3190 etc.
664 3140 735 3190 Anni
747 3141 811 3191 mis·
851 3157 934 3210 graue
943 3153 969 3192 et
978 3139 1064 3190 Crassi
1074 3155 1135 3189 cum
1144 3135 1244 3188 Parthis
1254 3131 1353 3188 hettum

308 3225 419 3262 euerunt
430 3212 504 3266 bellis
514 3219 627 3269 externis
638 3216 762 3270 civilia...
776 3247 812 3259 -
851 3221 943 3290 ponit,
958 3217 1054 3290 quibus
1065 3216 1166 3270 bellum
1178 3213 1285 3296 publice
1296 3213 1352 3280 jus-

309 3287 455 3340 Adscendit.
467 3291 584 3363 Populus
593 3294 735 3347 Romanus.
851 3319 927 3365 sum,
939 3311 965 3351 et
976 3296 1104 3350 indictum
1116 3296 1196 3347 fuisse
1207 3311 1261 3345 nou
1274 3289 1352 3342 facile

344 3365 368 3420 5.
391 3367 427 3416 Et
446 3369 527 3438 nefas.
549 3372 653 3424 Accede
676 3375 810 3427 sententie
851 3379 960 3449 probari
972 3379 1077 3451 poterit.
1091 3377 1165 3427 Justa
1180 3392 1211 3424 ac
1220 3373 1268 3444 pia
1284 3368 1353 3424 tetta

307 3443 490 3510 Freinshemii,
502 3451 546 3519 qui
557 3451 660 3520 abjecto
670 3463 708 3518 et,
718 3473 812 3524 pareu-
851 3458 948 3523 Floro,
965 3471 995 3508 nt
1011 3458 1066 3528 ip'se
1078 3457 1140 3508 satis
1150 3451 1281 3518 ostendit,
1293 3463 1354 3502 sunt

307 3523 413 3575 theseos
424 3528 504 3596 signis
516 3529 616 3581 includi
628 3534 710 3582 suasit
723 3533 809 3604 nefas:
852 3537 940 3588 omnia
951 3553 1009 3606 quae
1018 3548 1146 3604 geruntur
1154 3531 1281 3583 adversus
1290 3546 1355 3600 gen·

307 3600 456 3671 probarunt
468 3602 495 3656 id
506 3618 532 3656 et
543 3605 587 3658 alii
596 3610 685 3678 magni
696 3611 810 3663 nominis
849 3629 889 3668 tes
898 3628 1011 3674 exteram
1020 3633 1086 3684 qnas
1094 3611 1147 3677 illi,
1156 3624 1222 3664 teste
1230 3609 1354 3669 Sallustio

307 3681 398 3731 critici.
407 3681 707 3757 Time-Obstrepunt.
718 3686 747 3738 ld
755 3701 808 3755 est,
848 3695 875 3745 in
889 3706 956 3744 orat.
970 3695 997 3757 1,
1014 3690 1047 3742 de
1059 3689 1209 3743 Ordinand.
1223 3683 1353 3758 Republ,

307 3763 726 3834 quasistrepitufaeto,virtutnm
735 3785 808 3818 com·
848 3785 943 3824 natura
954 3771 1044 3823 hostes
1055 3770 1195 3842 putabant.
1209 3771 1306 3820 Contra
1319 3763 1352 3814 ab

306 3842 523 3894 memorationem
535 3841 689 3914 impediant.
848 3849 894 3902 illo
906 3849 1032 3901 dicuntur
1043 3851 1143 3921 impia,
1157 3867 1215 3918 quae
1226 3855 1356 3916 geruntur

342 3916 367 3968 6.
383 3919 492 3971 Juxta...
509 3933 535 3972 et
548 3921 603 3994 pla.
612 3961 631 3974 ..
650 3921 728 3975 hello.
745 3925 809 3974 Fre·
849 3929 973 3982 ndversus
984 3931 1114 4001 patriam,
1128 3929 1238 3998 utVirg.
1251 3921 1352 3977 AEneid.

307 4014 390 4067 quens
401 3998 467 4051 illud
477 4001 549 4072 apud
558 4017 659 4058 veteres
670 4005 808 4077 epitheton
848 4011 897 4072 vt,
924 4009 994 4060 612:
1022 4007 1152 4084 «Qpique
1176 4023 1249 4056 arma
1271 4001 1353 4054 seculi

298 4076 367 4146 justi
378 4077 466 4148 piique
482 4079 557 4144 betti,
574 4101 604 4133 er
616 4083 721 4136 solenni
736 4084 807 4156 apud
851 4086 986 4157 «impia.-
