3026 4956
308 561 372 628 380
647 556 784 624 LUGll
807 553 1016 624 AMPELH

306 701 421 774 tanes,
451 677 637 782 Hydanes,
662 684 863 781 Aspatinas,
888 675 1102 781 Sapbemos,
1129 681 1359 782 Megaboius,

306 796 456 888 Gobios,
466 794 603 870 Darios.
612 791 770 887 Deinde,
782 799 891 898 Mago
902 795 1049 870 Smerde
1061 793 1264 887 interiecto,
1277 821 1363 869 oon-

306 916 509 1001 stituerunt,
530 916 598 1001 nti,
621 922 794 1012 ⁹excepto
815 903 965 1010 posthac
986 915 1135 1002 Potane,
1155 936 1199 985 ex
1217 911 1283 984 illis
1301 939 1361 985 re-

306 1044 431 1128 gnaret
444 1028 543 1127 cujus
558 1049 671 1128 equus
686 1033 823 1127 primus
837 1033 874 1100 in
890 1027 988 1118 loco,
1005 1053 1114 1129 quem
1130 1027 1358 1128 delegissent,

307 1143 487 1218 hinnisset.
512 1147 614 1219 Tunc
641 1145 843 1237 ¹⁰Hiberes,
867 1172 973 1248 agaso
998 1149 1114 1236 Darii,
1140 1171 1272 1246 equum
1293 1145 1360 1219 do-

306 1264 393 1333 mini
407 1261 454 1337 ed
469 1260 590 1335 locum
603 1259 816 1362 ptaedictutn
828 1263 944 1354 duxit3
962 1261 1033 1336 illic
1046 1261 1114 1336 alia
1129 1287 1222 1363 equa
1234 1263 1280 1336 ab
1292 1289 1359 1335 suo

306 1377 424 1449 initur.
444 1375 547 1450 Tunc
566 1400 677 1478 equus
696 1380 795 1451 Darii
812 1403 960 1478 magnus
978 1376 1155 1453 hinnitum
1174 1377 1283 1451 dedit.
1304 1381 1359 1450 lta

305 1501 433 1571 Darius
454 1525 606 1598 reguum
627 1499 801 1573 obtinuit:
827 1525 849 1572 a
870 1525 943 1600 quo
963 1497 1160 1573 Artabanes
1184 1501 1359 1597 originem

306 1609 424 1700 ducit;
439 1637 548 1711 qoem
560 1611 785 1687 conditorem
797 1617 896 1714 regni
908 1613 1126 1687 Mithridatis
1140 1611 1261 1701 brisso,
1276 1635 1359 1683 con·

305 1721 424 1798 firmat
439 1721 619 1800 Sallustius
634 1731 791 1828 Crispus

306 1981 1357 2012 mmmmmmmuwmmmmmmmuwmmu

746 2175 915 2250 XXXI.

552 2419 727 2494 REGES
752 2420 1112 2494 PARTHORUM.

354 2658 535 2750 Seleucus,
553 2658 743 2732 Alexandri
759 2660 968 2734 Macedonis
985 2661 1129 2733 amicus.
1149 2657 1264 2757 Hujus
1279 2673 1359 2756 post

307 2791 461 2850 mortem
480 2775 691 2868 ¹Abarrida,
706 2775 818 2850 irater
835 2776 925 2876 ejus,
936 2777 1051 2878 jussus
1065 2772 1287 2875 Babylonem
1300 2771 1359 2846 ob

306 2895 435 2982 unere,
448 2891 617 2965 finitimos
627 2891 691 2965 sub
702 2918 739 2966 se
749 2890 902 2992 redegit,
916 2891 1012 2966 unde
1023 2891 1170 2965 Nicator
1180 2906 1232 2964 est
1241 2887 1360 2989 appel·

306 3005 412 3099 latus,
426 3026 462 3081 et
471 3025 543 3082 tres
554 3008 786 3082 validissimas
797 3007 904 3082 urbes
918 3011 1117 3098 constituit,
1129 3004 1358 3092 Abarridam,

308 3125 522 3215 Seleuciam,
539 3125 756 3199 Laodiciam.
777 3127 924 3198 Arsaces
940 3123 1059 3198 forma
1077 3139 1113 3196 et
1129 3127 1259 3196 virtute
1273 3145 1359 3219 pras

308 3244 449 3338 cipuus,
469 3240 567 3341 cujus
583 3246 717 3340 posteri
732 3240 911 3314 Arsacidae
925 3243 1168 3341 cognominati
1181 3253 1280 3327 suut,
1298 3240 1360 3335 qui

308 3379 434 3454 pacem
450 3383 532 3428 cum
543 3355 638 3456 Sylla
651 3362 869 3457 imperatore
883 3359 978 3432 lecit.
993 3358 1153 3448 Orodes,
1168 3359 1230 3455 qui
1243 3351 1361 3428 foedus

309 3496 392 3542 cum
408 3473 474 3543 Cn.
491 3475 664 3569 Pompeio
679 3478 868 3575 percussit,
884 3475 1050 3546 Crassum
1063 3494 1148 3544 curu
1161 3465 1361 3568 legionibus

308 3585 407 3686 apud
416 3587 543 3660 Carras
553 3587 692 3664 funesta
701 3585 803 3659 clade
812 3587 953 3662 delevit.
968 3589 1161 3676 'Pacorus,
1175 3587 1239 3686 qui
1247 3575 1361 3656 filium

344 3820 370 3872 9.
383 3803 507 3874 Excepto.
525 3801 592 3854 Vide
610 3799 710 3854 ibidem
726 3821 749 3853 c.
768 3804 812 3855 83.
891 3821 915 3856 α.
926 3804 1053 3867 Paeonas,
1066 3794 1217 3874 quifllium.
1231 3795 1360 3846 Paconius

349 3899 388 3936 ιο.
398 3884 512 3935 Hiberes.
522 3884 645 3935 illibatas.
656 3881 722 3934 lbid.
735 3901 758 3934 c.
770 3881 813 3935 85.
847 3881 951 3957 filium.
966 3880 1017 3935 Sed
1029 3897 1117 3932 errare
1129 3877 1236 3930 videtur
1246 3876 1305 3946 ipse
1314 3890 1362 3924 au-

344 3961 404 4014 Cir.
414 3965 509 4017 xxxi.
523 3961 816 4034 -1.Aborn'do,fra·
855 3976 923 4016 otor.
938 3963 1052 4015 Perinon.
1064 3961 1122 4012 lloc
1131 3959 1217 4010 varius
1228 3967 1277 4008 est.
1292 3956 1361 4007 Num

287 4057 289 4065 ¹
310 4045 470 4114 catejas'Ab
480 4045 685 4118 Anidoeofratre
696 4048 758 4120 ejus
769 4047 815 4097 l’a-
856 4043 936 4096 verba
948 4041 1060 4115 ejsudem
1074 4037 1189 4091 nominis
1200 4053 1255 4087 nou
1267 4032 1362 4086 admit·

310 4123 388 4174 rizon.
406 4121 507 4175 Vellem
522 4137 576 4176 tam
589 4123 658 4177 bene
672 4125 814 4178 emendare
855 4125 1113 4194 tuntconjecturom.
1125 4119 1210 4170 Etiam
1220 4131 1360 4188 perperam

312 4200 448 4272 potuisset,
454 4199 527 4273 quod
535 4219 595 4254 mox
602 4199 700 4254 dicitur
708 4201 741 4254 de
748 4200 813 4254 urbe
854 4199 1006 4254 Ventidium
1020 4199 1085 4251 facit
1098 4197 1214 4268 legatum
1226 4191 1289 4246 Julii
1304 4191 1360 4243 (¹ae-

311 4279 446 4333 Abantia.
855 4281 934 4345 saris,
946 4279 992 4350 qui
1004 4277 1054 4330 luit
1066 4274 1182 4328 Antonii.
