3142 4938
586 413 591 444 t

544 495 688 558 LIBER
712 495 902 558 PRIMUS.
1189 495 1246 557 125

206 725 1150 748 mmmmmmmmmmmffl
1154 726 1249 748 mm

662 893 785 970 XIX.

481 1105 704 1176 BELLUM
729 1107 966 1178 PICENS*.

252 1294 377 1365 Omnis
400 1318 485 1364 mox
509 1291 611 1365 Italia
632 1317 758 1390 pacem
784 1290 929 1364 habuit:
959 1297 1021 1392 qui
1049 1297 1144 1365 enim
1169 1309 1249 1393 post
1286 1323 1296 1358 ι

202 1409 396 1480 Tarentum
420 1405 611 1479 auderent?
630 1409 697 1477 nisi
717 1405 816 1504 quod
831 1405 925 1479 ultro
948 1410 1114 1506 persequi
1135 1411 1249 1478 socios

203 1521 358 1595 hostium
370 1519 515 1620 placuit.
528 1523 665 1593 Domiti
677 1547 761 1621 crgo
778 1525 952 1611 Picentes,
969 1539 1005 1594 et
1021 1524 1249 1622 caputgentis
1285 1549 1299 1583 2

203 1637 386 1728 Asculum,
404 1639 615 1737 Sempronio
631 1637 738 1710 duce:
757 1642 838 1738 qui,
853 1653 1028 1712 tremente
1046 1642 1139 1711 inter
1154 1663 1248 1736 prae-

203 1751 292 1825 lium
303 1779 449 1853 campo,
461 1751 772 1842 Telluremdcam,
785 1758 959 1854 promissa
971 1751 1066 1843 aede,
1081 1749 1245 1852 placavit.

200 1996 959 2018 mmmmmmmm
964 1995 1003 2020 VJ.
1008 1994 1247 2017 mmmm

674 2163 771 2238 XX.

379 2393 603 2464 BELLUM
628 2394 1068 2467 SALLENTINUM*.

249 2576 428 2652 Sallentini
438 2581 639 2656 Picentibm
651 2580 775 2672 additi,
787 2598 964 2683 caputque
976 2585 1129 2682 regionis
1138 2583 1246 2654 Brun·
1284 2614 1295 2649 ι

203 2691 342 2763 dusium
360 2717 443 2766 cum
456 2692 590 2794 Inclyto
608 2713 735 2794 portu,
756 2697 881 2770 Marco
900 2695 1008 2769 Atilio
1028 2694 1130 2766 duce.
1147 2695 1193 2764 Et
1210 2697 1246 2765 in
1283 2727 1297 2760 ι

237 2839 702 2896 ⁸Cn.XIX.BmuuPtcnne.Anno
744 2845 773 2895 in
795 2845 913 2896 Lucania
934 2846 1050 2916 primum
1071 2844 1142 2895 visui
1168 2855 1245 2896 esset.

202 2915 282 2969 Urbi·
299 2917 366 2984 486,
383 2933 444 2973 ante
460 2921 490 2972 C.
502 2921 536 2972 N.
550 2923 617 2986 2683
632 2940 701 2974 cote.
783 2941 806 2976 ι.
826 2925 878 2994 Qui
889 2923 1140 2976 enim...audemnt?
1151 2925 1185 2974 Et
1196 2921 1247 2975 alia

203 2996 231 3046 P.
245 2995 399 3066 Sempronio
411 2999 516 3070 Soph0‚
526 3001 615 3071 Appio
625 2999 705 3054 Clau·
745 2999 823 3054 lectio
839 3015 893 3056 est:
909 3004 975 3074 quid
989 2993 1063 3054 euim¹
1073 3012 1133 3074 post
1149 3003 1246 3054 Taren-

203 3074 249 3128 dio
263 3076 471 3131 Cuntinc.Wdc
486 3080 557 3149 Epit.
574 3081 629 3130 LIv.
641 3080 704 3144 XV;
746 3093 801 3132 tum
816 3081 957 3133 auderent?

202 3155 314 3228 Eutrop.
337 3157 376 3223 II,
395 3174 428 3226 9,
451 3174 483 3218 ²3
505 3158 583 3211 Oros.
607 3158 652 3225 IV,
672 3157 705 3224 ἧς
784 3178 808 3214 2·
825 3160 952 3213 Picentes.
968 3157 1094 3212 Habitant
1108 3160 1178 3210 inter
1191 3159 1246 3211 ttu-

201 3236 292 3287 Front.
304 3237 331 3302 t,
345 3253 391 3303 ια,
403 3237 429 3288 3.
445 3234 548 3288 Bellum
559 3247 647 3288 autem
659 3239 706 3289 Pi·
745 3239 866 3292 biennem
877 3252 903 3291 et
912 3236 1036 3291 Aufidum
1050 3239 1156 3305 fluvios,
1166 3238 1201 3291 ad
1212 3239 1247 3291 ti-

202 3334 259 3368 eens
279 3313 389 3383 dicitur,
407 3327 438 3368 ut
458 3315 556 3368 Bellum
577 3315 705 3385 Galim,
746 3333 805 3372 tora
820 3320 899 3371 marii
915 3319 1049 3372 Adriatici.
1066 3317 1246 3372 -Asculm

202 3394 297 3447 beilum
313 3395 435 3468 Illyn'um
442 3433 453 3462 ,
469 3395 566 3448 beilum
582 3397 685 3450 Ducum
693 3436 703 3465 ,
744 3397 812 3450 Vide
824 3413 905 3468 snpra
916 3397 1014 3463 XVIII,
1026 3415 1052 3468 9.

203 3490 229 3529 et
244 3475 297 3527 alin
312 3475 471 3546 hujusmodi.
484 3475 599 3547 Quidam
612 3476 704 3550 legunt
780 3475 861 3530 'Cin
872 3477 928 3530 xx.
939 3479 1045 3530 Buten!
1056 3479 1243 3531 Summanu.

203 3553 302 3606 bellum
314 3555 439 3606 Picenum
460 3577 467 3605 .·
489 3555 559 3609 male
578 3556 703 3628 quidem,
743 3560 823 3610 Anno
835 3557 913 3610 Urbis
931 3555 993 3627 457,
1009 3571 1071 3611 ante
1087 3557 1115 3609 C.
1132 3558 1164 3609 N.
1180 3557 1245 3627 267;

202 3653 284 3708 qaum
301 3632 357 3685 hee
368 3653 417 3685 vox
435 3637 470 3687 sit
485 3656 582 3690 nomen
597 3642 703 3711 provin·
744 3653 813 3692 coes.
823 3637 860 3687 M.
871 3636 963 3689 Attilio
973 3635 1089 3708 Regulo,
1104 3651 1131 3688 et
1139 3636 1168 3687 L.
1175 3635 1246 3688 Iulio

201 3714 257 3764 cite.
272 3711 365 3764 Picens
376 3724 464 3764 nutem
480 3713 577 3768 dieitur
591 3735 640 3787 pro
655 3717 702 3769 Pi·
742 3716 852 3768 Libone.
871 3717 912 3768 De
931 3715 984 3767 hoc
1004 3715 1076 3768 bello
1094 3713 1154 3766 vide
1175 3715 1244 3786 Epic.

202 3793 335 3846 centium.-
352 3793 391 3844 eic
408 3791 501 3844 Plauto
519 3795 646 3866 camum
658 3815 702 3870 qe·
741 3797 824 3864 Livii,
840 3797 901 3858 XV3
918 3794 1007 3847 Aurel.
1025 3794 1058 3848 de
1073 3796 1130 3846 Vir.
1147 3794 1244 3848 Illuete.

202 3891 263 3938 nus,
276 3891 325 3944 pro
340 3874 522 3944 Campanum
535 3873 573 3924 eie
584 3877 704 3927 votmtii-
743 3893 804 3946 cap.
818 3873 851 3941 4ς
863 3876 974 3944 Eutrop.
988 3875 1025 3941 11,
1036 3893 1063 3944 9.

203 3951 285 4004 simne
297 3952 398 4026 Lucam
413 3969 462 4022 pro
479 3951 612 4017 hunus,
626 3965 705 4024 atque
784 3972 806 4005 t.
826 3953 1011 4006 Bruudmium.
1030 3951 1145 4020 Quidam
1161 3955 1248 4008 Brun·

204 4030 265 4083 inde
275 4031 355 4084 lemae
366 4047 417 4102 pro
427 4027 523 4083 eodem
537 4041 563 4083 et
574 4029 652 4083 Luca.
666 4032 706 4082 In·
745 4031 838 4083 dicium
843 4051 854 4096 ,·
868 4044 913 4083 ant
924 4031 1111 4098 Brundesium,
1128 4047 1153 4086 et
1167 4036 1248 4087 Bren-

204 4111 238 4164 de
251 4111 300 4165 boi
310 4113 418 4179 Lucam,
429 4112 470 4164 vel
485 4109 706 4182 lucas-elephan—
746 4112 834 4161 tesiam
839 4148 849 4175 ,
868 4111 940 4182 apud
954 4113 1059 4166 Grecos
1072 4111 1209 4182 Βμνθίοιοι,
1221 4127 1247 4163 et

204 4205 248 4243 tce
260 4190 347 4244 dictus
363 4191 458 4264 priscis
474 4191 615 4258 Romanii,
633 4189 706 4262 quod
746 4185 878 4258 Bpmiem.
