3102 4942
328 529 366 574 as
725 505 786 568 DE
808 503 968 570 FLORO

324 627 530 711 quarumdem
548 627 772 709 epitomarum,
792 627 905 708 partim
920 629 954 686 in
973 624 1092 700 medio,
1111 627 1226 708 partim
1245 629 1278 688 in
1293 625 1367 688 tine.

326 729 370 786 Ea
388 737 500 786 cuncta
521 737 594 785 suut
612 723 780 806 ejusmodi,
800 737 836 784 ut
854 727 880 784 si
901 743 988 784 aures
1010 743 1182 805 nasumque
1202 723 1367 800 adhibeas,

325 836 463 883 actutum
477 818 577 903 jures,
589 841 655 881 non
667 821 803 902 potuisse
812 818 879 881 hec
891 822 1039 897 scribere,
1051 821 1106 904 qui
1120 835 1228 882 catera
1239 823 1367 904 scripsit.

324 921 404 980 Nam
421 932 458 980 ut
472 917 538 980 haec
555 919 669 995 buna,
686 939 777 994 sana,
794 920 912 996 sobria,
931 933 1023 1002 apta,
1039 919 1192 1000 vigentia,
1208 921 1368 1002 ingeniosa

326 1030 412 1092 sunt,
425 1017 467 1076 ita
482 1015 536 1076 illa
550 1014 678 1092 soloeca,
690 1015 912 1092 redundantia,
924 1017 1067 1092 ridicula,
1081 1017 1199 1098 inepta,
1212 1017 1321 1094 ststlta,
1332 1031 1368 1078 ut

326 1133 391 1175 non
412 1111 512 1174 dicam
535 1115 661 1188 insana,
682 1116 943 1196 reperiuntur....
965 1115 1043 1192 Quis
1061 1133 1128 1174 non
1145 1117 1291 1189 miretur,
1311 1113 1367 1174 has

324 1212 428 1273 sordes
439 1233 495 1294 per
503 1225 551 1273 tot
560 1211 671 1273 saecula
682 1214 813 1274 auctoris
823 1214 920 1274 nostri
930 1225 1047 1274 textum
1057 1213 1247 1294 inquinasse,
1258 1214 1338 1295 quin
1349 1233 1368 1272 a

325 1329 484 1391 quoquam
498 1307 690 1390 ejicerentur.
707 1311 771 1370 Nec
786 1309 878 1370 facile
889 1311 1052 1391 quisquam
1066 1309 1192 1384 dixerit,
1206 1308 1367 1390 quomodo

324 1407 441 1468 factum
452 1409 506 1483 sit,
517 1420 553 1467 ut
563 1406 636 1467 inde
648 1428 666 1466 a
676 1419 742 1466 tam
753 1409 885 1489 antiquis
896 1407 1089 1490 temporibus
1100 1406 1167 1467 haec
1178 1421 1369 1487 nugamenta

325 1523 396 1564 cum
407 1502 490 1564 Flori
501 1521 595 1585 opere
606 1501 738 1563 fideliter
746 1501 912 1586 descripta,
920 1507 1005 1564 riam
1019 1505 1059 1565 ad
1069 1524 1127 1564 nos
1138 1525 1234 1586 usque
1245 1505 1369 1563 invene-

325 1604 402 1678 rint,
415 1601 475 1661 nisi
484 1603 612 1683 insuper
620 1602 799 1682 cogitemus,
809 1599 1010 1684 impostorem
1020 1603 1113 1663 istum
1121 1621 1177 1684 per
1186 1601 1321 1683 aliquem
1332 1600 1369 1659 li-

324 1698 1061 1782 brar-iumethibliopolamnovamquoqueFlori
1071 1721 1144 1760 cum
1153 1698 1369 1760 additamentis

324 1797 386 1856 suis
394 1793 565 1856 editionem
575 1815 708 1871 curasse,
719 1809 811 1880 atque
820 1798 863 1856 ita
871 1795 957 1858 huuc
966 1797 1080 1858 librum
1089 1795 1161 1858 inde
1168 1797 1208 1856 ab
1216 1797 1368 1857 Hadriani

325 1891 515 1975 temporibus
534 1895 567 1954 in
588 1893 678 1954 ltalia
694 1906 725 1954 et
742 1915 797 1976 per
816 1897 991 1978 provincias
1008 1895 1190 1978 plerumque
1206 1909 1369 1958 tantuma

325 1990 425 2071 pueris
446 2002 477 2050 et
493 1989 660 2070 juvenibus
679 1989 868 2069 lectitatum,
886 1966 1107 2075 in⁴eorumque
1126 1992 1258 2052 maxime
1277 2009 1369 2051 usum

325 2085 527 2168 descriptum,
538 2087 681 2148 transisse
692 2087 733 2148 ad
745 2085 900 2170 posteros,
914 2109 950 2150 ea
960 2089 1124 2173 paullatim
1134 2089 1249 2170 linguae
1258 2087 1369 2148 barba·

325 2181 530 2261 rieinfectos,
549 2197 586 2245 ut
606 2185 711 2245 multis
731 2185 848 2246 saeculis
868 2185 1041 2248 discernere
1063 2186 1278 2269 nequiverint,
1294 2182 1369 2265 quid

325 2297 437 2340 aurum
461 2281 615 2343 orichalco
636 2283 796 2344 distet...
820 2286 894 2344 Post
915 2299 1037 2346 renatas
1058 2285 1186 2346 tandem
1207 2281 1369 2354 initalia,

326 2376 518 2462 diffusasque
535 2401 591 2462 per
609 2380 684 2442 alias
704 2384 836 2464 Europae
852 2383 992 2464 regiones
1007 2383 1127 2459 literas,
1145 2382 1303 2464 legebatur
1318 2379 1371 2439 ille

326 2473 452 2557 quidem
466 2477 570 2539 denuo
582 2499 601 2538 a
611 2481 684 2539 viris
695 2477 824 2540 literatis
834 2493 865 2540 et
876 2481 986 2558 doctis,
999 2494 1030 2542 ct
1044 2481 1085 2541 ab
1099 2481 1251 2562 elegantia
1267 2477 1371 2537 Latini

325 2574 475 2634 sermonis
492 2572 578 2635 baud
596 2595 721 2657 prorsus
739 2575 864 2653 alicnis,
878 2599 987 2640 verum
1002 2580 1037 2640 in
1052 2579 1158 2638 critica
1176 2589 1241 2637 arte
1259 2589 1369 2656 parum

326 2667 497 2732 admodum
517 2673 650 2733 versatis.
670 2675 793 2735 Horum
813 2695 881 2736 non
903 2679 995 2759 pauci
1015 2695 1135 2750 nevos,
1157 2692 1235 2755 quos
1256 2674 1290 2730 in
1312 2669 1371 2728 boc

325 2785 415 2849 opere
426 2767 714 2852 deprehendebant,
728 2774 848 2832 auctori
862 2774 923 2855 ipsi
937 2773 1151 2855 imputabant,
1162 2789 1256 2851 quem
1270 2783 1371 2850 proce·

326 2865 426 2926 mium
450 2866 673 2949 interpolatum
695 2867 850 2930 fatebatur
876 2872 988 2932 seriore
1011 2881 1082 2954 post
1107 2867 1278 2950 Trajanunt
1302 2881 1368 2924 avo

325 2964 443 3024 vixisse.
456 2964 516 3024 nni
527 2966 627 3026 acrius
639 2966 799 3049 aliquanto
811 2981 983 3045 sementes,
993 2969 1160 3051 autpotius
1168 2966 1370 3048 suspicantes,

326 3080 392 3121 non
405 3061 562 3122 audebant
574 3077 680 3124 tamen
691 3063 848 3126 codicibus
863 3068 943 3127 inter
958 3087 993 3139 se,
1004 3063 1266 3128 consentientibus
1277 3060 1371 3122 fidem

325 3170 355 3218 et
371 3147 586 3221 auctoritatem
602 3161 758 3244 derogare.
774 3165 958 3241 Accedebat,
973 3164 1058 3246 quod
1072 3161 1260 3248 postillam,
1276 3175 1371 3238 mem

324 3253 472 3331 diximus,
493 3257 622 3320 sciolum
643 3259 882 3322 adulteratorem
903 3264 1019 3344 operis,
1040 3258 1211 3340 insequenti
1232 3269 1371 3337 tempore

326 3351 392 3428 elii,
404 3355 486 3437 iique
496 3358 691 3437 potissimum
701 3357 819 3419 librarii
829 3374 860 3420 et
869 3360 990 3435 scribe,
1000 3358 1128 3418 vulnera
1138 3353 1198 3415 alia
1209 3352 1369 3435 complura

326 3445 398 3510 huic
413 3451 564 3532 opusculo
578 3453 769 3531 inflixerant,
783 3456 861 3517 dum
870 3456 919 3532 id,
938 3475 1004 3516 non
1021 3452 1223 3532 intelligentes
1237 3450 1371 3510 auctoris

325 3545 529 3625 utbodum,
548 3551 583 3610 in
604 3549 699 3614 libros
724 3567 754 3614 et
776 3555 878 3637 capita
902 3551 1090 3626 dividerent,
1112 3571 1176 3633 qua
1197 3548 1370 3609 mutatione

325 3639 442 3725 priores
457 3646 526 3706 duae
540 3646 651 3731 populi
666 3647 801 3711 Romani
814 3662 918 3711 aetates
930 3651 963 3709 in
977 3649 1113 3731 primum
1129 3646 1247 3708 librum
1260 3663 1369 3706 conve·

325 3741 469 3818 aiebant,
483 3744 573 3806 tertia
583 3759 656 3806 aetas
672 3749 706 3807 in
717 3760 876 3830 sequentes
887 3761 946 3808 tres
957 3747 1053 3808 libros
1067 3748 1111 3806 ita
1122 3744 1324 3816 dividebatur,
1335 3755 1371 3799 ut

326 3836 403 3900 fines
419 3835 572 3904 librorum
593 3865 697 3906 rerum
717 3849 883 3908 momentis
898 3865 1098 3929 nequaquam
1118 3865 1188 3927 apte
1206 3839 1369 3923 responde-

327 3949 448 4014 rent,et
456 3941 602 4002 menum
611 3945 739 4025 Augusti
749 3943 1154 4028 appendicisseucoronidis
1164 3940 1369 4001 characterem

328 4049 451 4114 prorsus
469 4033 618 4119 perderet.
636 4042 788 4102 lneruditi
804 4059 898 4125 porro
914 4043 1053 4120 lectores,
1070 4039 1176 4122 glossis
1195 4038 1255 4098 suis
1273 4048 1303 4097 et
1318 4033 1370 4094 ad·

328 4137 513 4195 notamentis
525 4137 669 4199 codicum
681 4143 848 4223 margines,
862 4155 915 4204 aut
926 4139 1132 4206 interlinearis
1144 4137 1242 4219 spatis
1258 4152 1371 4216 resper-
