3102 4942
558 645 824 712 rnersrro.
1190 654 1220 741 xj
1347 745 1350 751 Ι

172 767 346 858 odilione
366 770 601 876 Bipontinc,
627 769 748 846 Index
768 769 991 848 Editionum
1012 775 1056 848 L.
1081 771 1223 852 Annoei

172 897 280 981 Flora·
287 953 300 989 ,
318 897 474 978 auctior
489 894 742 990 Fabriciano,
758 897 854 970 etin
871 923 937 972 ser
950 913 1084 974 estates
1098 895 1225 1002 diges-

172 1035 257 1115 tae,
273 1005 394 1123 ouem
409 1015 740 1125 locupletavimus
754 1015 831 1095 alio
845 1017 1078 1098 brevissimo
1093 1021 1224 1100 Indice

172 1147 386 1230 versionum
401 1146 509 1222 Flori
520 1149 629 1222 came
648 1169 819 1221 sermone
841 1149 1155 1251 conscriptorum,
1179 1148 1223 1222 in

173 1261 299 1350 finem
313 1263 530 1360 voluminis
544 1285 634 1372 post
646 1264 815 1344 Iudicem
835 1293 965 1343 rerum
978 1273 1224 1347 etoerborum

172 1389 333 1496 rejecto.

228 1515 338 1598 Tum
356 1543 378 1594 c
395 1513 663 1594 Freinshemio
676 1517 943 1624 Excerptiones
957 1517 1229 1624 chronolopicoe

172 1637 371 1734 subeunt,
389 1667 487 1744 ques
498 1641 799 1746 praetenuittere
810 1639 927 1718 nobis
937 1637 1121 1744 religioni
1132 1641 1228 1718 fuis·

175 1779 254 1858 set,
273 1761 460 1839 omnibus
475 1763 558 1869 jam
580 1759 685 1840 Flori
701 1761 923 1841 editoribus
939 1785 1166 1872 usurpatus,
1188 1783 1250 1861 et,

174 1883 394 1970 lectoribus
406 1883 584 1983 literatis,
597 1889 878 1994 utopinemur,
895 1915 977 1966 non
988 1888 1148 1966 fastidio
1160 1889 1226 1964 fu-

175 2029 298 2096 turos.
317 2010 416 2090 lude
430 2031 559 2092 texum
574 2031 615 2088 st
625 2031 750 2109 notoe,
765 2015 809 2088 iu
827 2011 1011 2118 quibuse
1026 2012 1228 2119 prioribus
1246 2083 1248 2090 s

177 2131 1230 2241 editiotubusoptimumquodqueexccrpsimus,ques·

178 2257 271 2336 dam
282 2261 622 2356 concinnavimus,
633 2261 889 2365 novesaepius
897 2259 1228 2367 adjecimus,quae

178 2385 397 2488 praesertim
418 2381 468 2464 ed
485 2385 664 2460 criticam
684 2379 901 2459 literarium
919 2384 1230 2490 historicemque

178 2525 394 2612 pertinent.

232 2629 349 2712 Floro
381 2635 584 2740 proximus
616 2631 726 2711 adest
758 2631 982 2740 Ampelius,
1023 2633 1231 2712 substratis

179 2755 441 2834 Freinshemii
451 2754 617 2852 notulis,
632 2775 673 2834 ct
684 2737 892 2864 praeeunte
902 2754 1081 2836 Salmasii
1093 2756 1232 2863 praele-
1335 2802 1340 2809 -

180 2881 303 2956 tione.
324 2881 445 2956 Hunc
463 2883 570 2958 enim
591 2899 726 2958 nostro
744 2880 829 2957 fere
848 2907 1003 2986 semper
1020 2879 1231 2958 adhaeren-

182 3021 266 3079 tem
279 3007 321 3079 in
336 3003 449 3082 MSS.
466 3024 507 3082 et
517 3004 608 3081 edd.
619 3023 659 3081 et
671 3005 847 3108 quodam
862 3005 1129 3082 coutubernio
1143 3029 1234 3079 con·

177 3127 499 3234 junctissimum,
534 3154 558 3199 a
579 3121 787 3203 nonnullis
810 3145 945 3202 tamen
971 3122 1234 3219 exsulantem,

184 3277 256 3327 uos
271 3250 367 3356 jure
384 3245 619 3356 postliminii
636 3250 894 3326 restituimus.
918 3252 996 3327 Cui
1023 3249 1235 3357 subjicitur

183 3373 533 3450 Freinshemianus
556 3371 678 3450 Index
698 3401 825 3450 rerum
843 3390 881 3451 et
896 3379 1095 3452 verborum
1112 3401 1233 3480 quem

163 3487 237 3574 'ad
260 3515 410 3574 textum
429 3515 610 3574 nostrum
630 3517 670 3573 et
687 3497 888 3575 scribendi
904 3526 1056 3588 morem
1080 3527 1234 3576 accom-

187 3619 445 3699 modavimus.
487 3623 638 3699 Totum
678 3622 854 3729 denique
893 3652 993 3729 opus
1023 3619 1236 3700 concludet

190 3747 382 3824 columne
410 3763 581 3824 rostratis
610 3751 821 3855 inscriptio,
853 3749 1022 3824 aPetro'
1045 3746 1237 3824 Ciaconio

190 3867 379 3976 explicata
395 3867 642 3976 etsuppleta3
658 3872 982 3975 antiquissimum
999 3867 1149 3976 linguae
1162 3871 1236 3946 La·

191 3995 284 4072 tinae
299 4012 624 4089 monumentum,
639 3992 784 4100 dequo
800 3995 948 4071 Graevii
965 4013 1101 4073 notam
1118 3993 1167 4070 ad
1180 3994 1236 4089 ll,

193 4143 233 4215 2,
250 4121 288 4216 §.
308 4144 349 4221 9,
366 4115 472 4192 infra
487 4145 527 4222 p.
549 4113 639 4222 137,
653 4113 877 4193 retulimus.

244 4241 382 4336 Nunc,
402 4259 448 4316 ut
464 4267 583 4316 suum
599 4243 748 4344 cuique
766 4239 1002 4346 rependam,
1021 4237 1240 4344 praedicare
