3102 4942
310 495 350 562 26
706 491 768 572 DE
791 489 951 556 FLORO

308 610 565 700 septemtrionalia
590 615 762 675 Germanica
789 615 935 678 notitiam
958 614 1091 698 prodat3
1119 633 1269 696 quorsum
1297 613 1352 676 ille

306 730 618 798 temporumsuorum
625 732 864 793 nonnumquam
871 709 1027 794 interjecta
1034 709 1218 792 significatio
1226 724 1351 794 spectem

307 831 402 893 quare
420 810 562 891 inprimis
580 809 614 868 in
634 808 726 869 rebus
746 809 876 889 Augusti
897 810 1026 870 externis
1043 821 1109 868 tam
1128 827 1206 890 saepe
1221 827 1351 890 presens

308 907 473 968 verborum
485 917 606 988 tempus
618 920 760 987 usurpet,
775 925 831 966 nec
847 903 1030 966 chronicum
1047 906 1081 966 iu
1096 903 1158 964 illis
1171 903 1351 981 narrandis,

307 1003 359 1064 red
380 1001 489 1063 muudi
511 1002 673 1084 plagarum
697 1014 727 1062 et
746 1000 937 1084 populorum
960 1000 1101 1064 ordinem
1124 1013 1262 1077 secutus,
1288 1015 1352 1064 tum

308 1101 435 1160 strictim
451 1111 562 1161 cuncta
577 1111 753 1182 percurrat:
771 1097 839 1162 hoec
851 1113 882 1160 et
894 1098 970 1176 alia,
989 1099 1029 1160 de
1044 1098 1157 1182 quibus
1176 1099 1351 1180 sigillatim,

307 1210 384 1260 utet
395 1195 433 1256 de
444 1197 531 1256 omni
543 1209 641 1258 textus
654 1197 844 1272 recensione,
854 1197 887 1256 in
897 1198 978 1257 notis
988 1196 1097 1258 criticis
1106 1192 1198 1277 hujus
1210 1195 1352 1257 editionis

308 1295 455 1370 diximus,
472 1297 588 1356 mirum
604 1296 636 1354 in
653 1295 783 1355 modum
800 1295 868 1375 jam
883 1296 1026 1356 universa
1042 1294 1243 1358 illustrentur.
1259 1291 1351 1372 Quod

308 1411 380 1452 vero
393 1391 431 1452 do
443 1393 532 1453 obitu
548 1392 676 1474 Augusti
688 1390 798 1454 Florus
813 1407 918 1454 noster
934 1394 968 1452 in
982 1391 1046 1453 fine
1057 1393 1161 1474 operis
1173 1391 1253 1452 nihil
1266 1411 1352 1451 oom-

309 1501 473 1564 memorut,
487 1489 520 1548 id
532 1489 634 1570 ipsum
646 1502 830 1569 argumento
842 1501 901 1564 est,
915 1502 1073 1554 auctorem
1087 1487 1195 1572 paullo
1211 1489 1352 1571 postlla·

308 1589 429 1648 uanam
439 1586 557 1647 cladem
570 1600 642 1646 ante
653 1587 825 1669 Augustum
838 1589 934 1654 vitam
946 1587 1067 1648 finiisse.
1168 1611 1170 1616 ¹

688 1801 974 1834 ...αφ-..κ

344 1967 629 2044 TESTIMONIA
650 1969 991 2042 RECENTIORUM
1011 1965 1313 2042 SCRIPTORUM

415 2132 417 2145 y
505 2176 679 2231 ethnico
696 2169 883 2235 SERMONE
900 2175 1154 2231 contentens.

734 2552 932 2630 nonum,

384 2727 525 2770 ntsronut
540 2729 882 2784 sustentationum
898 2731 952 2772 DES
968 2727 1146 2772 ntsronttus
1163 2724 1279 2766 utrius.

349 2857 401 2918 On
419 2859 499 2920 croit
515 2879 575 2942 que
588 2859 697 2920 Florus
712 2861 844 2944 poursit
859 2863 922 2922 etre
940 2856 1114 2942 lispsgnol,
1133 2856 1171 2916 de
1188 2855 1219 2916 la
1237 2849 1355 2912 familie

310 2956 364 3018 des
373 2955 524 3040 Sdndque,
535 2971 566 3018 et
577 2960 667 3018 avoir
676 2979 715 3019 eu
726 2959 769 3018 les
782 2979 876 3020 noms
887 2959 925 3020 de
938 2961 972 3019 1..
985 2959 1118 3018 Anum
1130 2953 1245 3016 Sunuci
1258 2969 1315 3032 par
1324 2949 1356 3009 la

310 3054 485 3131 naissance,
499 3068 529 3116 et
545 3056 584 3117 de
600 3057 634 3117 1..
647 3058 756 3118 Journs
769 3058 892 3118 Frontis
905 3076 964 3142 par
979 3054 1141 3137 adoption.
1158 3051 1244 3110 Nous
1260 3067 1356 3108 avons

310 3151 348 3212 de
359 3152 404 3213 lui
420 3173 464 3213 un
479 3153 597 3236 Abrege
612 3154 650 3214 de
664 3155 821 3216 l'llistoire
830 3155 990 3229 rumaiue,
1002 3173 1041 3214 eu
1059 3163 1165 3233 quatre
1181 3148 1289 3220 limes
1303 3143 1356 3202 ‘¹0‘

311 3249 379 3330 puis
402 3249 433 3308 le
456 3247 549 3330 regne
572 3251 611 3310 de
633 3251 784 3312 Romulus
803 3250 946 3334 jusqu¹au
971 3263 1070 3330 temps
1093 3247 1275 3323 d'duguste,
1299 3241 1356 3321 qul

311 3348 412 3426 poralt
427 3347 501 3406 e'crit
518 3367 589 3408 sous
605 3348 728 3430 Trajan.
747 3349 772 3410 ss
791 3350 838 3410 n'u
857 3349 949 3430 point
965 3346 994 3406 le
1012 3343 1119 3404 detaut
1132 3338 1288 3402 ordinaire
1303 3335 1356 3396 des

312 3440 453 3523 abregc's,
474 3443 564 3506 d'etre
585 3465 649 3522 sec,
673 3445 826 3508 decharne
847 3459 877 3507 et
897 3463 1070 3525 ennupeux.
1091 3443 1134 3499 Le
1150 3435 1230 3520 style
1252 3455 1291 3494 en
1312 3446 1357 3494 0⁸1

311 3537 449 3622 elegant,
464 3541 622 3624 agretblc,
641 3555 670 3602 et
688 3545 765 3604 tient
780 3542 912 3627 quelque
930 3540 1022 3602 chose
1036 3537 1074 3598 de
1091 3535 1123 3595 la
1138 3534 1268 3594 vivacite
1284 3533 1357 3614 pod—

311 3638 403 3723 tique.
420 3639 499 3700 Mais
516 3659 558 3702 on
570 3661 591 3723 y
602 3653 713 3702 trouve
728 3661 768 3703 eu
784 3640 931 3724 quelques
944 3636 1081 3699 endroits
1096 3647 1167 3715 trop
1183 3627 1356 3713 d'emplrsse

312 3746 342 3794 at
356 3734 393 3795 de
407 3755 538 3818 pompe,
550 3750 580 3798 et
593 3737 786 3821 quelquefois
797 3739 898 3798 meme
909 3736 947 3797 de
957 3732 1104 3794 lenflure.
1121 3733 1164 3792 Ge
1178 3729 1252 3790 n’est
1266 3724 1357 3808 point

312 3851 356 3891 un
375 3832 485 3915 alfego
496 3834 534 3894 de
544 3836 611 3896 Tite
621 3827 717 3912 Lite,
733 3855 806 3896 avec
817 3834 870 3917 qui
884 3843 1016 3893 souvent
1031 3829 1054 3890 ll
1070 3851 1110 3890 ue
1126 3823 1275 3888 s’aocorde
1290 3839 1355 3903 pas.

313 3927 397 3989 Noua
416 3951 513 3992 avons
533 3931 601 4014 deja
619 3933 666 3993 dit
685 3932 779 4014 qu'on
797 3931 908 4006 doute,
928 3950 999 3992 arec
1016 3927 1214 3997 fondement,
1233 3939 1293 4002 que
1312 3918 1355 3977 les

314 4027 446 4106 Epitome
469 4048 510 4088 ou
527 4031 706 4090 sommaires
724 4029 777 4110 qui
798 4040 867 4089 sont
888 4031 906 4089 a
926 4027 956 4088 la
976 4029 1037 4088 trite
1055 4025 1107 4084 des
1126 4021 1215 4081 livres
1234 4018 1273 4079 de
1288 4017 1354 4075 Tite

314 4123 406 4197 Live,
419 4125 516 4185 soient
528 4126 566 4186 de
580 4126 697 4186 Florus.
