3142 4938
505 534 649 598 LIBER
671 533 936 601 SECUNDUS.
1185 533 1246 602 155

250 655 405 728 Dubium
422 655 552 730 deinde
562 683 635 730 non
648 673 738 749 erat,
754 661 841 756 quin
858 655 1023 730 ultimum
1037 657 1139 734 illum
1152 658 1249 732 diem
1271 685 1301 738 ¹9

201 769 366 844 habitura
379 769 487 843 fuerit
500 775 633 863 Roma,
650 776 884 872 quintumque
898 774 991 844 intra
1003 772 1102 846 diem
1113 774 1251 873 epulari

200 886 353 959 Annibal
368 891 404 959 in
420 887 600 987 Capitolio
613 892 787 988 potuerit,
803 891 832 960 si
849 887 970 986 (qtmd
983 892 1133 962 Poenum
1149 888 1251 962 illum

202 1003 328 1074 dixisse
355 999 600 1076 Adherbalem
633 1001 841 1075 Bomilcaris
870 1000 1013 1098 ferunt)
1049 1004 1250 1095 «Annibal,

210 1107 932 1217 uquemadmodumsciretvincere‚sicuti
939 1121 1246 1192 victoriascisset.»

201 1234 295 1304 Tum
320 1231 468 1331 quidem
492 1231 610 1322 illum,
635 1247 676 1304 ut
699 1231 773 1304 dici
795 1229 902 1330 vulgo
925 1231 1035 1323 solet,
1059 1247 1121 1304 aut
1138 1231 1253 1306 fatum
1269 1242 1304 1280 ²⁰

203 1349 300 1422 urbis
322 1353 567 1448 imperaturae,
591 1365 653 1420 aut
671 1350 779 1446 ipsius
796 1371 896 1422 mens
915 1347 1025 1439 mala,
1045 1364 1082 1422 et
1099 1354 1212 1420 aversi
1232 1375 1253 1422 a

201 1463 417 1564 Carthagine
441 1465 492 1538 dii
516 1471 555 1538 in
581 1464 760 1538 diversum
782 1463 1013 1538 abstulemnt
1038 1466 1162 1558 Quum
1183 1469 1254 1538 vic·
1269 1469 1302 1508 ²¹

202 1585 295 1656 toria
307 1596 426 1682 posset
438 1585 503 1673 uti,
515 1579 587 1654 frui
600 1579 740 1672 malnit3
751 1579 945 1681 relictaque
956 1585 1089 1672 Rome,
1102 1581 1255 1680 Cemps-

202 1705 301 1774 niam
317 1703 584 1798 Tarentumque
603 1721 816 1799 peragrare3
842 1697 905 1771 nbi
932 1725 1017 1772 mox
1038 1715 1075 1772 et
1097 1703 1191 1798 ipse,
1218 1715 1255 1772 et

203 1823 376 1906 exercitus
387 1799 495 1890 ardor
503 1815 675 1916 elanguit:
688 1814 781 1888 adeo
793 1831 834 1888 nt
844 1837 930 1888 vere
937 1814 1076 1888 dictum
1087 1817 1146 1904 sit,
1164 1815 1255 1887 «Ce-

207 1958 343 2036 apnam
363 1933 529 2010 Annibali
546 1936 686 2008 Cannas
704 1930 851 2006 fuisse.»
879 1931 1062 2032 Siquidem
1082 1935 1255 2004 invictum
1270 1935 1315 2004 ³³.

204 2121 277 2194 apud
288 2135 382 2194 poetas
394 2122 431 2174 uis
439 2118 569 2172 Herculea
580 2137 630 2192 pro
642 2118 711 2170 liert·
748 2135 777 2170 aa
783 2115 914 2190 faiblesee.
925 2116 981 2168 Une
988 2113 1256 2194 prqoneqn'Annt'bal

202 2199 392 2272 cules.Eqnites
398 2217 460 2253 vero
467 2200 549 2252 taxati
555 2199 631 2250 fuere
638 2215 710 2249 men·
750 2193 863 2248 n'uurnt't
872 2195 1021 2266 pusrdurri,
1034 2192 1093 2246 c'eat
1102 2211 1151 2266 que
1163 2193 1198 2246 les
1206 2193 1257 2245 llo·

204 2297 280 2346 sura,
290 2281 306 2329 i.
319 2299 342 2331 e.
352 2299 401 2350 per
410 2275 710 2330 mensuramannlorum
749 2274 834 2326 mains
849 2287 876 2326 se
890 2277 1037 2327 tmuvtirent
1049 2291 1142 2326 encore
1154 2292 1186 2326 en
1203 2274 1256 2326 crat

204 2368 298 2408 notum
316 2371 382 2428 quot
399 2357 501 2428 equites
518 2352 708 2418 occubuerint,
749 2350 888 2424 denvoyer
906 2361 1036 2425 pur-tout
1060 2351 1101 2404 des
1122 2367 1253 2404 moure.»

204 2455 287 2510 quum
299 2439 317 2488 ii
329 2448 432 2490 tantum
445 2434 539 2488 anulos
551 2435 659 2486 ferrent.
750 2431 851 2486 Grand.
862 2433 991 2486 etlldcad.
1003 2433 1045 2486 des
1053 2433 1127 2486 Rom.
1141 2431 1217 2506 clap.
1228 2431 1255 2500 4.

244 2531 285 2586 ¹9·
293 2511 465 2567 Adherbalem
474 2509 635 2567 Bomilcaris.
643 2513 709 2580 Quae
784 2529 827 2566 uo.
844 2507 946 2566 Utdici
958 2513 1036 2588 vulqo
1052 2509 1124 2567 solat.
1141 2513 1199 2566 Hoc
1216 2525 1256 2566 est

204 2595 285 2648 verba
309 2593 403 2647 tribuit
429 2593 517 2647 livius
540 2589 710 2658 lithomarii,
750 2589 825 2664 quod
845 2593 925 2665 vulgo
947 2591 1056 2661 dicunt,
1079 2591 1152 2666 quod
1175 2592 1255 2664 vulgo

205 2675 252 2746 qni
270 2687 326 2726 erat
342 2673 499 2728 Himilconis
518 2671 595 2725 lilius.
614 2699 651 2710 -
668 2670 711 2724 Sic
746 2677 863 2746 jactatur
876 2674 910 2727 de
922 2673 1060 2726 Annibalis
1078 2686 1199 2744 peccato.
1214 2673 1255 2726 Sic

205 2753 247 2806 uti
266 2753 372 2806 uictoria
392 2753 482 2806 scisset.
506 2751 597 2820 Quum
617 2765 710 2802 omnes
749 2749 1258 2822 intelligendusesthiclocus,quime-

204 2832 262 2884 fere
285 2843 406 2884 auctores
428 2831 554 2883 unanimo
577 2845 711 2882 consensu
750 2839 914 2897 terum,non
925 2831 1055 2884 immerito
1067 2843 1206 2902 suspectus
1216 2843 1258 2882 est
1290 2887 1292 2901 ,

206 2909 332 2961 Annibali
343 2909 427 2980 calpae
436 2921 553 2973 vertant,
564 2905 637 2979 quod
649 2919 711 2977 post
751 2911 837 2963 doctis
859 2910 1022 2963 hominibus.
1043 2939 1079 2950 -
1097 2908 1151 2961 Aut
1165 2909 1257 2980 fctum

205 2987 374 3041 Cannensem
383 2985 711 3060 pugnam'nonreetnllo-
755 2989 838 3055 Urbis,
846 2986 1148 3060 autipriusmensmala.
1156 2987 1258 3041 Eodem

206 3085 278 3120 mam
295 3069 456 3139 perrexerit,
476 3061 549 3116 bend
566 3061 712 3115 omittenda
752 3071 809 3122 sm
820 3068 999 3122 modoljviug
1008 3067 1165 3120 Annibalem
1179 3068 1258 3120 indu.

205 3161 246 3204 est
266 3150 399 3203 sententia
419 3145 559 3200 clarissimi
578 3145 714 3215 scriptoris
753 3147 943 3201 citdicentemz
957 3145 1258 3200 «Potiundaesibiurhis

206 3229 252 3302 qni
265 3225 426 3281 Annibalem
438 3223 472 3277 sb
485 3223 531 3278 illo
544 3225 655 3277 crimine
666 3220 714 3274 ab·
756 3229 867 3280 aRomoe
884 3225 966 3279 modo
982 3239 1098 3279 mentem
1113 3241 1167 3277 non
1185 3224 1259 3294 dari,

207 3311 309 3364 solvere
320 3311 426 3376 nititur,
439 3305 529 3376 bisce,
540 3321 714 3382 quecumque
755 3323 767 3352 ι
778 3304 860 3357 modo
872 3303 1017 3358 fortunam.
1028 3327 1039 3353 a
1054 3303 1097 3356 Sic
1107 3317 1196 3356 autem
1205 3304 1259 3355 An-

208 3389 274 3454 sint,
285 3389 443 3443 rationibus.
458 3411 469 3434 ι
480 3386 507 3440 11
512 3405 535 3460 y
546 3407 563 3438 a
575 3385 713 3439 <lescheres
752 3381 826 3436 nibal
835 3383 954 3456 loquitur
961 3383 990 3436 in
996 3382 1080 3448 Livio,
1088 3399 1143 3434 non
1151 3379 1259 3455 quidem

207 3483 259 3540 que
268 3475 323 3519 tout
332 3467 461 3522 kmonde
469 3465 521 3536 dit,
530 3461 713 3539 parcequ'elles
752 3473 817 3518 tunc
830 3479 914 3534 quum
928 3461 1068 3516 devicisset
1082 3477 1173 3532 pugna
1187 3459 1259 3514 Gan-

208 3553 257 3597 ont
280 3545 321 3596 dtd
338 3545 401 3597 dites
424 3565 475 3598 une
492 3541 557 3618 fois.
584 3545 624 3598 On
648 3545 714 3596 emit
752 3543 829 3596 nansi
849 3543 998 3606 Romanos;
1023 3540 1072 3594 sed
1095 3538 1259 3612 aliquamdiu

207 3621 410 3698 qu'Annibalfit
419 3643 471 3678 uae
477 3625 556 3698 faute
567 3622 669 3697 insiyne
679 3621 712 3674 de
751 3638 827 3694 post,
839 3641 935 3694 quum,
945 3623 1037 3695 Capua
1047 3634 1064 3672 a·
1073 3621 1200 3673 Romanis
1213 3617 1260 3671 ob·

210 3701 713 3775 n'avoirpointdta‘ussidqcrlicmeapres
752 3717 823 3755 sessa
833 3739 841 3766 ,
853 3713 883 3754 nt
895 3719 954 3754 eam
965 3701 1092 3752 liberaret
1103 3697 1260 3764 obsidione,

209 3784 238 3836 lu
258 3779 366 3836 barattis
382 3781 415 3833 de
436 3783 542 3834 Cenum.
561 3779 588 3832 1t
605 3792 640 3833 est
657 3779 713 3832 omi
753 3779 893 3832 contendit
907 3777 1050 3850 etipssad
1062 3779 1173 3828 Romam
1187 3775 1260 3828 obsi·

210 3881 261 3936 que
281 3861 384 3914 d'abord
402 3859 429 3913 lo
443 3859 557 3933 fruyeur
568 3878 591 3929 y
604 3859 653 3928 fut
671 3877 714 3911 ex·
754 3859 799 3914 dio
810 3858 1001 3932 premendam,
1012 3861 1208 3926 ettempestata
1220 3875 1261 3909 sn-

211 3939 307 3999 tnlme,·
325 3941 391 3993 mnis
407 3939 429 3992 il
447 3937 505 3990 n'en
523 3947 561 3989 ert
575 3954 622 4007 pus
640 3936 672 3988 de
689 3935 716 3987 ta
755 3939 812 3991 bito
833 3939 943 3992 immani
961 3951 1069 4003 exorta,
1091 3935 1125 3988 ab
1144 3938 1259 4010 incoepto
1328 3997 1333 4008 s

210 4019 402 4070 consternation
430 4015 491 4068 d'urt
515 4011 612 4088 peuple
640 4012 716 4066 tettt-
756 4015 882 4068 desistere
894 4025 1004 4066 coactus
1015 4026 1062 4066 est.

210 4113 315 4170 queue,
332 4099 522 4171 quisetcurnc
535 4109 645 4168 presque
660 4105 717 4146 tou·
794 4109 836 4148 at.
865 4095 981 4166 &putem
1007 4091 1135 4145 Annibali
1159 4093 1261 4144 Caum

205 4179 281 4248 joun
295 4197 328 4230 en
344 4195 469 4254 coumqe,
488 4193 589 4229 comme
605 4176 637 4228 de
650 4173 718 4227 cella
752 4173 842 4246 firme.
854 4171 969 4224 Annibal
981 4175 1059 4225 etiam
1072 4186 1182 4245 propter
1193 4170 1261 4222 illud

213 4253 289 4308 d'une
301 4257 493 4329 vilapopulace
504 4256 549 4327 qui
560 4265 717 4326 ruerentque
757 4254 895 4326 culpatur,
910 4253 982 4327 qnod
994 4256 1138 4308 exercitum
1154 4253 1188 4304 ad
1201 4251 1260 4301 hie·
