3156 4950
305 406 369 487 254
491 473 494 480 ,
628 404 665 467 L.
690 403 850 468 runai
873 402 1018 467 raoni

303 527 497 630 publicam.
514 530 661 602 Senatus
677 526 797 602 exsilio
813 527 965 618 Metelli,
984 525 1211 602 damnatione
1226 529 1349 605 Rutilii

272 645 526 736 tdebilitatus,
553 671 659 719 omne
682 643 790 719 decus
812 645 1002 744 majestatis
1017 647 1196 744 amiserat.
1221 649 1262 718 ln
1277 644 1349 720 hoc

305 779 550 852 staturarum,
567 787 672 862 pares
686 760 831 862 opibus,
847 764 988 848 animis,
1004 759 1174 860 dignitate
1186 761 1301 858 (unde
1313 779 1350 837 et

305 894 389 952 nata
403 879 505 951 Livio
519 881 635 951 Druso
649 876 826 950 emulatio
841 877 1051 972 exarserat),
1067 881 1223 977 equitem
1236 878 1349 950 Servi·

272 1013 288 1066 5
304 994 372 1068 lius
384 993 523 1093 Caepio,
540 1009 700 1066 senatum
715 996 834 1066 Livius
848 996 982 1066 Drusus
995 1018 1160 1066 asserere.
1176 996 1299 1094 Signa,
1314 1008 1350 1067 et

307 1107 451 1209 aquilae,
470 1127 505 1182 et
521 1106 649 1182 vexilla
665 1106 835 1181 aderant:
854 1124 1020 1180 caererum
1036 1112 1085 1182 sic
1102 1108 1191 1183 urbe
1207 1111 1243 1181 in
1258 1134 1348 1199 una,

307 1228 407 1324 qussi
420 1227 457 1296 in
472 1222 564 1298 binis
578 1228 715 1315 castris,
732 1213 977 1296 dissidebatur.
995 1225 1098 1296 Prior
1109 1222 1229 1324 Caepio
1245 1227 1284 1296 in
1298 1250 1348 1296 se·

305 1357 429 1414 natum
442 1343 579 1438 impetu
593 1338 708 1428 facto,
723 1363 803 1412 reos
819 1337 971 1411 ambitus
985 1339 1156 1412 Scaurum
1169 1355 1206 1412 et
1217 1337 1348 1439 Philip·

273 1476 290 1529 6
305 1481 412 1555 pum,
433 1458 612 1553 principes
625 1451 837 1544 nobilitatis,
857 1450 972 1552 elegit.
988 1454 1053 1526 His
1071 1454 1224 1528 motibus
1239 1473 1279 1528 ut
1292 1481 1349 1527 re-

306 1574 442 1644 sisteret
454 1571 604 1658 Drusus,
618 1565 760 1667 plebem
776 1566 823 1640 ad
837 1593 873 1640 se
888 1565 1107 1641 Gracchanis
1120 1567 1255 1668 legibus
1269 1595 1349 1644 evo-

306 1688 415 1776 cavit,
427 1683 559 1758 eisdem
575 1686 688 1756 socios
700 1681 748 1755 ad
760 1681 904 1781 plebem
915 1707 979 1782 spe
991 1687 1141 1756 civitatis
1153 1689 1273 1758 erexit.
1287 1687 1350 1758 Ex·

305 1818 374 1874 stat
385 1827 453 1873 vox
465 1805 591 1901 ipsius,
606 1833 621 1864 a
632 1797 728 1874 Nihil
740 1824 776 1872 se
788 1798 835 1870 ad
845 1797 1069 1898 largitionem
1078 1798 1140 1872 ulli
1153 1799 1347 1900 reliquisse,

310 1917 444 1990 «nisisi
462 1919 540 2016 quis
554 1930 615 1988 aut
631 1941 773 1988 coenum
789 1913 948 1988 dividere
964 1913 1086 2006 vellet,
1104 1929 1165 1987 aut
1180 1914 1315 1988 caelum.
1328 1952 1344 1983 »

272 2061 287 2115 7
304 2032 438 2106 Aderat
455 2029 706 2133 promulgandi
725 2031 817 2122 dies,
838 2058 949 2132 quum
966 2032 1081 2107 subito
1099 2047 1199 2104 tanta
1215 2036 1268 2104 vis
1285 2031 1348 2106 ho-

304 2153 441 2222 minum
453 2147 610 2249 undique
623 2151 806 2248 apparuit,
820 2164 861 2220 ut
873 2145 1028 2222 bostium
1039 2143 1195 2220 adventu
1208 2145 1349 2222 obsessa

271 2275 287 2328 8
305 2265 428 2338 civitas
446 2261 637 2338 videretur.
657 2264 770 2337 Ausus
786 2280 907 2336 tamen
923 2262 1099 2362 obrogare
1116 2259 1253 2363 legibus
1266 2289 1348 2338 con·

305 2531 438 2592 potestate
446 2521 585 2593 quae,ipsis
593 2521 808 2594 legibueconces·
884 2524 908 2577 5.
930 2523 1063 2576 Coetertrm.
1083 2525 1132 2576 Pro
1153 2523 1208 2591 sed,
1228 2537 1258 2576 ut
1278 2542 1346 2595 sape

305 2617 335 2650 sa
349 2611 419 2667 erat,
431 2617 483 2672 qua
497 2619 580 2672 prave
591 2603 805 2658 uel-Metelli.
846 2602 940 2657 Florus
960 2617 986 2656 et
1004 2603 1048 2657 alii
1065 2615 1179 2676 ponunt.
1196 2633 1232 2646 ·-
1247 2603 1344 2677 Eleqit.

304 2679 805 2752 Dequocapitesuperiori.—Buti1ii.
846 2682 899 2735 Eos
910 2681 1043 2756 clegit,ut
1054 2681 1168 2736 ambitus
1178 2696 1324 2736 accusaret.
1354 2719 1357 2724 ,

305 2758 333 2811 P.
354 2757 469 2811 Rutilius
492 2759 577 2813 liuius
596 2761 698 2832 legatus
720 2763 806 2814 fuerat
881 2763 907 2818 6.
920 2763 1027 2819 Plebem
1037 2765 1073 2816 ad
1080 2765 1241 2818 ειη-ακτὰ.
1251 2767 1346 2818 Merito

305 2835 424 2890 Scoevolae
437 2837 806 2910 proconsulis,ataPublica-
846 2843 987 2898 Salmasius
996 2843 1171 2916 profitebatur
1179 2843 1231 2898 sibi
1240 2845 1347 2916 religio-

305 2935 415 2985 norum,
424 2917 477 2971 boc
489 2933 542 2987 est,
560 2923 692 2994 equitum,
704 2923 805 2993 injuriis
845 2922 873 2974 ni
889 2940 961 2990 este,
971 2922 1103 2996 vulgatam
1120 2923 1262 2976 solicitare.
1275 2925 1347 2977 Ferri

304 2997 395 3050 Asiam
412 2997 581 3052 defenderat:
604 3019 687 3072 quare
705 3002 805 3054 invisus
845 3014 934 3055 tamen
945 3014 1035 3076 potest
1044 3021 1095 3055 vox
1107 3003 1215 3072 eisdem,
1229 3007 1346 3076 quamvis

305 3076 391 3130 ordini
403 3081 532 3150 equestri,
546 3099 628 3152 penes
642 3097 721 3153 quem
730 3080 806 3152 judi·
846 3095 974 3153 sequatur
987 3099 1033 3156 spe
1050 3083 1175 3150 civitatis,
1192 3081 1274 3136 modo
1290 3083 1346 3136 bec

305 3157 347 3208 cia
355 3159 806 3230 erant,repetundarumdamnatus,
844 3161 1346 3233 verbaacaterisita,utnosfeeimus,

305 3238 334 3289 in
344 3237 463 3290 exsilium
473 3239 565 3312 pulsus
575 3242 633 3294 fuit.
644 3242 683 3295 De
692 3241 737 3294 ilio
744 3243 806 3296 vel·
844 3240 998 3315 distinguas.
1007 3243 1040 3295 Et
1048 3243 1088 3296 vel
1096 3245 1175 3298 etiam
1186 3243 1291 3296 tolerari
1300 3262 1345 3316 po·

306 3316 372 3370 leina
381 3321 482 3372 Patere.
492 3323 528 3388 ll,
541 3337 586 3374 ta:
603 3325 651 3374 ·P.
662 3323 803 3391 Rutilium,
844 3323 905 3374 terit
912 3322 1021 3376 verbum
1029 3323 1116 3389 erexit,
1125 3323 1170 3375 ubi
1177 3342 1238 3374 cum
1245 3325 1347 3378 Freins-

308 3395 414 3445 anirum
427 3413 481 3447 non
495 3395 577 3449 seculi
589 3401 645 3464 sui,
660 3399 707 3452 sed
719 3402 803 3454 omnis
844 3401 932 3455 hemio
941 3402 1069 3476 explices,
1078 3403 1183 3476 plebem
1191 3405 1256 3473 sibi,
1267 3420 1294 3460 et
1304 3424 1346 3458 so-

308 3473 376 3524 nari
388 3475 532 3544 optimum,
543 3478 734 3550 interrogatum
746 3479 804 3551 lege
845 3484 900 3536 cios
919 3482 992 3554 plebi
1010 3481 1123 3536 reddidit
1142 3483 1270 3539 faventes.
1291 3484 1347 3542 Sed

308 3552 550 3623 «repetundarum,
568 3574 629 3609 oum
649 3561 749 3628 gemitu
767 3561 805 3611 ci·
844 3559 991 3614 tamenhic
1009 3564 1066 3633 ipse
1082 3565 1242 3634 procrearit,
1261 3569 1346 3638 conji-

309 3632 430 3698 nvitatis,
443 3631 630 3690 damnaverant
642 3641 773 3708 equites.»
845 3640 931 3694 ciebat
951 3643 1044 3709 traxit,
1064 3641 1137 3714 quod
1151 3661 1206 3696 nou
1225 3659 1344 3698 contem-

341 3713 366 3780 4.
396 3713 471 3766 Unde
495 3725 520 3768 et
540 3727 603 3768 nata
626 3716 699 3770 Livio
721 3719 804 3770 Druso
844 3718 1345 3792 nendumcensebantToliins,Perizo-

305 3789 446 3844 oemulatio.
461 3792 535 3846 Unde
544 3791 577 3846 sd
586 3792 613 3846 ri
625 3794 752 3870 diqnitare
764 3817 807 3850 re·
845 3801 918 3864 nius,
926 3797 1058 3853 Dukerus.
1066 3801 1133 3854 Mihi
1141 3805 1231 3874 potior
1238 3817 1277 3856 est
1285 3822 1345 3857 auo

305 3871 366 3924 farri
380 3871 468 3928 debet.
487 3875 557 3928 Nam
574 3875 637 3929 inde
655 3890 716 3928 nata
729 3877 803 3931 Livio
843 3879 935 3932 toritas
951 3877 1023 3932 Flori
1039 3881 1139 3951 ipsius,
1154 3883 1199 3953 qui
1212 3893 1287 3955 pne
1300 3901 1345 3936 ea-

305 3951 392 4004 Druso
412 3953 560 4023 emulatio,
575 3955 649 4029 quod
663 3975 744 4030 eques
762 3957 803 4010 di-
843 3960 904 4016 dem
914 3961 993 4017 verba
1003 3964 1090 4036 capite
1100 3966 1222 4037 sequenti
1231 3967 1343 4038 repetiit.

303 4029 403 4102 gnitate
417 4047 545 4103 parasset
557 4036 670 4090 senatui.
682 4066 718 4078 -
728 4035 803 4093 Atte-
843 4043 931 4096 Tmo.

305 4128 366 4164 me.
379 4112 533 4168 Defendere.
880 4122 905 4176 8·
927 4123 1063 4194 Obmqare.
1076 4124 1115 4177 De
1125 4123 1175 4178 bec
1185 4143 1251 4179 voce
1263 4141 1344 4198 supra
