3102 4942
314 568 370 658 viij
648 566 767 632 nou
790 567 1026 636 norroms

311 710 419 790 rant,
433 711 473 769 et
486 690 620 800 plures
632 696 675 770 in
687 693 849 770 historia
858 696 1176 802 recognoscenda
1186 681 1354 800 errores,
1401 759 1404 764 -

311 843 471 895 necnon
492 816 568 894 alia
586 837 786 925 postremo
804 819 950 898 menda
969 821 1118 928 quibus
1134 823 1272 903 auctor
1290 825 1356 902 hic

310 941 526 1021 foedissime
540 941 726 1021 scatebat.
1247 955 1249 960 '

359 1055 437 1143 Per
447 1063 584 1172 longas
595 1086 728 1144 autem
741 1086 967 1176 temporum
975 1073 1096 1170 vices,
1109 1099 1354 1180 quamquam

306 1188 666 1269 eruditissimorum
685 1194 864 1270 virorum
883 1197 1002 1271 series
1016 1197 1057 1272 in
1076 1197 1269 1296 sanando,
1290 1226 1356 1276 ex-

308 1316 535 1422 purgando,
554 1337 593 1394 et
606 1315 842 1432 illustrando
856 1319 933 1398 hoc
947 1324 1137 1429 scriptore
1154 1307 1355 1430 conspira-
1430 1390 1432 1396 .
1548 1343 1549 1398 t

307 1443 442 1540 visset,
459 1469 602 1547 nempe
618 1443 807 1540 Vinctus,
826 1443 848 1517 J
851 1461 961 1520 ustus
978 1446 1152 1551 Lipsius,
1170 1449 1230 1525 Jo.
1249 1449 1356 1524 Gru-

308 1581 435 1662 terus,
475 1563 537 1642 Gt.
573 1563 785 1642 Salmasius
815 1565 887 1674 (1),
923 1569 1238 1670 Freinshemius,
1278 1571 1353 1649 Ad.

308 1687 529 1796 Rupertus,
551 1687 718 1795 aliique,
740 1709 873 1766 tamen
893 1691 1038 1770 Nostro
1059 1723 1142 1774 non
1159 1715 1241 1771 tam
1259 1693 1357 1772 feli-

310 1841 416 1910 cem,
434 1841 556 1920 quam
572 1813 793 1921 spondebat
806 1834 1009 1892 tantorum
1023 1813 1211 1924 splendor
1227 1822 1355 1896 nomi-

309 1967 429 2036 num,
445 1965 604 2044 operam
618 1937 903 2016 adhibuerunt.
919 1941 1081 2048 Quippe
1095 1968 1222 2045 quum
1234 1943 1354 2048 primi
1384 1931 1386 1936 ¹

232 2143 243 2158 ,
309 2063 543 2168 interpretes
560 2059 627 2137 alii
645 2057 814 2139 aliorum
830 2062 993 2166 vestigia
1010 2083 1257 2168 premerent,
1281 2091 1355 2142 no·

307 2214 401 2262 men
426 2188 603 2292 priorum
629 2185 966 2261 etauctoritatem
993 2211 1149 2293 semper
1172 2189 1351 2285 reveriti,

307 2311 446 2388 iisdem
462 2312 545 2386 fere
559 2289 743 2387 sordibus
759 2311 1010 2414 inquinatus,
1032 2310 1224 2415 usquead
1239 2310 1353 2388 Grae·

222 2474 224 2479 ·
308 2438 420 2512 vium
436 2432 576 2511 Florus
592 2435 787 2539 pervenit.
811 2432 866 2507 At
881 2429 968 2526 ille,
991 2451 1037 2508 ut
1055 2437 1202 2539 optime
1218 2437 1354 2538 inquit

307 2559 477 2653 Titzius,
493 2584 609 2663 opem
626 2585 748 2661 quam
762 2555 868 2633 ferre
882 2555 992 2634 haud
1007 2555 1131 2633 dubie
1144 2561 1350 2665 potuisset,

307 2685 339 2759 si
357 2681 562 2759 attendere
581 2679 769 2758 voluisset
787 2685 986 2780 animum,
1008 2701 1195 2789 praestare
1217 2711 1353 2790 super-

306 2805 425 2901 sedit,
454 2803 737 2884 subsannando
765 2833 811 2880 ac
839 2803 1007 2882 ridendo
1033 2804 1274 2913 juvenilem,
1306 2825 1353 2882 ut

214 2935 219 2944 “
307 2932 454 3028 aiebat,
474 2921 725 3037 scripiorem,
747 2933 878 3034 quiin
897 2959 1016 3037 opere
1031 2925 1238 3032 historico,
1258 2957 1353 3039 poe-

305 3058 384 3133 n'co
414 3074 513 3132 aestu
541 3053 746 3160 abreptus,
778 3057 920 3161 saepius
948 3053 1197 3141 deliraverat.
1239 3057 1349 3156 Quin

285 3227 287 3234 ·
306 3183 424 3256 etiam
433 3177 642 3258 fatendum
653 3177 944 3274 estGraevium,
961 3177 1112 3255 invidia
1123 3180 1257 3278 nescio
1269 3205 1350 3282 qua

306 3302 534 3409 abreptum,
555 3299 770 3408 aliquando
783 3301 1033 3403 iniquissime
1049 3302 1092 3376 in
1109 3297 1271 3376 Florum
1288 3303 1349 3378 in·

306 3447 465 3505 vectum
475 3424 736 3530 fuisse3quod
746 3425 1080 3530 nosjustarerum
1090 3427 1349 3502 aestimatione

226 3531 228 3534 ⁵
305 3553 402 3628 moti
414 3550 512 3628 adeo
523 3577 608 3630 non
621 3547 983 3655 comprobavimus,
999 3568 1063 3645 ut,
1082 3545 1350 3654 quotiescum-

304 3703 385 3779 que
403 3703 443 3752 se
458 3673 612 3752 dederit
629 3676 799 3769 occasio,
821 3656 933 3750 suam
951 3677 1134 3781 scriptori
1152 3674 1347 3752 defensio·
1446 3679 1450 3686 ’

306 3796 1347 3895 nem,immoetlaudemnonomiserimusvindicare.
1395 3857 1398 3863 .

230 4115 235 4126 ’
338 4095 385 4176 ’(ι)
401 4099 495 4182 Cujus
512 4121 629 4164 nomen
646 4107 679 4164 in
695 4104 876 4166 testimoniis
894 4119 923 4165 ct
939 4103 1078 4192 judiciis,
1098 4127 1168 4190 pag.
1186 4129 1218 4188 7,
1237 4107 1293 4167 lin.
1312 4108 1346 4182 8,

305 4211 406 4255 errore
419 4199 642 4283 typographico
655 4201 767 4282 legitur
778 4201 948 4264 Satnzstaus.
