3108 4956
524 489 668 554 mnan
690 487 928 570 Quanrns.
1184 487 1246 552 ³05

633 937 637 944 .
702 959 750 1035 V.

440 1225 653 1297 BELLUM
678 1221 1015 1294 PERUSINUM*.

255 1486 418 1562 Alterum
438 1481 573 1555 bellurn
593 1484 784 1554 concitavit
806 1505 975 1580 agrorum
997 1478 1254 1582 divisi0‚.qnos
1274 1529 1283 1564 1

209 1606 326 1677 Caesar
335 1602 510 1674 veteranis
520 1601 557 1670 in
569 1601 688 1670 castris
705 1601 859 1695 pretium
870 1594 1004 1668 militiae
1016 1596 1252 1695 persolvebat.

209 1721 358 1816 Semper
369 1713 453 1789 alias
465 1715 614 1786 'Antonii
627 1717 819 1812 pessimum
832 1716 1015 1812 ingenium
1025 1711 1165 1805 Fulvia,
1182 1712 1256 1814 gla-
1273 1758 1287 1791 ι

210 1834 271 1909 dio
287 1838 403 1906 cincta
414 1831 522 1904 virilis
535 1830 685 1923 militiae,
697 1857 787 1904 uxor
800 1829 967 1931 agitabat.
983 1834 1077 1930 Ergo
1089 1829 1255 1931 depulsos

210 1954 301 2051 agris
312 1947 457 2022 colonos
467 1945 664 2037 incitando,
675 1951 805 2020 iterum
816 1951 853 2018 in
863 1973 963 2020 arma
973 1951 1074 2020 ierat.
1088 1949 1157 2019 Hic
1169 1971 1254 2020 vero
1272 1988 1288 2040 3

204 2069 280 2168 jum
295 2093 369 2139 non
383 2069 545 2164 privatis,
563 2063 626 2136 sed
643 2069 750 2137 totius
764 2065 911 2136 Senatus
930 2057 1106 2163 suffragiis
1117 2062 1257 2163 judica-

209 2199 286 2254 tum
298 2179 439 2254 hostem
453 2181 569 2252 Caesar
580 2205 777 2280 aggressus,
793 2183 885 2250 intra
899 2180 1050 2250 Perusiae
1064 2203 1185 2254 muros
1201 2205 1256 2252 re·

210 2295 322 2395 degit,
335 2292 579 2392 compulitque
590 2293 636 2365 ad
646 2309 803 2368 extrema
813 2292 1002 2366 deditionis
1013 2298 1109 2392 turpi
1121 2311 1158 2366 et
1167 2291 1256 2368 nihil

209 2435 283 2482 non
299 2424 445 2508 experta
460 2406 567 2482 fame.

245 2595 334 2651 ‘Can
360 2599 392 2652 V.
420 2599 528 2650 Barnun
553 2601 711 2651 Prnusrrnu.
752 2587 847 2670 pense(
863 2601 921 2652 Hoc
936 2601 1059 2670 congruit
1075 2617 1136 2652 cnm
1152 2599 1256 2651 ratione

209 2677 241 2728 A.
259 2679 292 2729 U.
310 2675 377 2748 713,
396 2691 458 2730 ante
474 2679 504 2731 C.
520 2679 554 2730 N.
574 2676 624 2744 41,
643 2695 711 2729 coss.
753 2689 903 2750 temporum
918 2697 972 2752 quo
984 2693 1088 2750 gestum
1100 2691 1148 2730 est.

209 2753 238 2806 L.
248 2755 382 2820 Antonio,
393 2757 422 2806 Ρ.
435 2755 543 2808 Servilio
553 2755 631 2808 vatia
643 2757 714 2809 Isau·
792 2774 814 2808 ι.
829 2757 863 2808 In
874 2759 970 2810 castris.
983 2759 1044 2810 Nic.
1056 2757 1180 2808 Heinsius
1194 2775 1258 2808 cen·

210 2836 265 2886 rico
276 2835 309 2886 11.
320 2837 377 2887 Hoc
387 2833 487 2888 bellum
497 2835 616 2888 scribunt
625 2835 713 2888 Livius
753 2836 830 2890 sebst
844 2837 986 2892 delendum
999 2840 1043 2891 iu:
1057 2849 1128 2890 recte
1139 2837 1256 2910 quidem.

210 2912 278 2965 libro
286 2913 406 2978 cxxvl;
416 2913 523 2966 Sueton.
531 2917 642 2985 August.
653 2933 713 2986 cap.
790 2934 815 2968 2.
827 2915 945 2969 Antonii.
956 2917 1032 2968 Erret
1041 2916 1136 2968 Florus
1148 2916 1194 2987 qui
1204 2914 1257 2967 hoc

215 2989 590 3062 rdet153LatiusAppianus
604 2990 638 3044 de
649 2991 713 3045 Bell.
753 2993 852 3046 bellum
864 2993 1018 3048 Perusinum
1032 2995 1125 3044 Marco
1140 2993 1257 3045 Antonio

211 3067 268 3122 civ.
282 3065 341 3120 libr.
353 3071 387 3134 V,
404 3087 432 3140 p.
445 3067 512 3137 6893
531 3071 641 3140 Eutrop.
654 3069 715 3136 vll,
755 3073 857 3125 tribuit.
873 3075 983 3126 Gesturu
999 3085 1039 3124 est
1056 3072 1162 3124 afratrs
1174 3074 1257 3124 Lucio

215 3165 244 3212 13
264 3147 342 3199 Oros.
363 3147 413 3212 Vi,
435 3144 645 3213 16;Pltn.v11‚
664 3145 714 3213 453
756 3151 889 3214 Antonio,
909 3152 955 3221 qni
972 3149 1070 3202 Fuluiae
1086 3167 1141 3202 non
1160 3153 1258 3221 conjux

212 3226 294 3280 Solio.
305 3244 363 3298 cap.
375 3227 401 3280 3.
412 3223 513 3278 Bellum
525 3227 681 3278 Perusinum
690 3240 717 3279 et
756 3242 823 3281 erat.
831 3258 867 3268 —
878 3228 1083 3285 Vtriiirmilitioe.
1094 3230 1170 3282 Anna
1179 3229 1258 3282 Fabri

212 3321 305 3360 oaetsra
317 3307 351 3358 ab
364 3308 486 3377 Augusto
497 3319 573 3378 gesta
587 3305 658 3360 bella
670 3325 716 3360 ex·
757 3310 857 3381 optime
867 3311 976 3380 conjicit
992 3309 1074 3362 virilis
1087 3310 1209 3362 audacie.
1221 3339 1258 3350 -

212 3386 295 3460 plicat
306 3389 425 3458 Propert.
436 3387 473 3454 11,
486 3403 513 3448 ¹3
524 3399 550 3437 et
560 3387 684 3438 Lucanus
693 3388 715 3454 1,
756 3386 882 3460 Depnisos
896 3387 966 3462 agris
981 3386 1093 3444 colonos.
1106 3389 1160 3458 Qui
1171 3379 1258 3442 coacti

213 3465 256 3534 41.
276 3469 306 3518 ln
319 3466 477 3538 quibusdan
491 3465 652 3519 editionibus
663 3467 716 3520 hoc
757 3483 833 3523 erant
842 3468 937 3523 cedere
943 3472 1085 3538 veteranis,
1095 3470 1190 3542 quibus
1201 3472 1258 3542 agri

213 3561 296 3620 eaput
307 3550 425 3618 rejicitur
436 3561 497 3620 post
508 3547 608 3602 bellurn
619 3547 716 3620 Philip·
756 3549 800 3600 isti
806 3547 940 3602 distributi
951 3559 1035 3602 erant.
