3026 4956
423 558 569 626 nssnn
591 557 914 624 unuonrsnrs.
961 632 965 638 ,
1131 559 1190 645 37,

146 709 224 756 mus
233 682 422 783 judicatus.
441 679 626 756 Cornelius
641 679 834 781 Cethegus,
851 684 912 780 qui
928 678 1075 752 fratrem
1094 705 1197 753 suum

148 795 362 898 Cethegum,
375 795 474 897 quod
483 823 567 870 cum
576 795 728 870 Catilina
738 793 968 893 conjurasset,
980 811 1098 869 morte
1109 793 1197 867 mul-

148 914 298 990 tandum
314 918 460 989 censuit.
477 911 613 987 Tullius
629 915 774 1002 Cicero,
792 915 854 1011 qui
874 914 911 982 in
930 911 1115 985 consulatu
1134 938 1197 985 suo

148 1031 309 1108 Catilinae
323 1031 607 1132 conjurationem
624 1027 813 1104 fortissime
828 1031 1012 1127 oppressit.

149 1294 196 1312 'UA
200 1289 1203 1316 mmmmwmmmfflfflfflmfflmm

628 1478 724 1554 XX.

199 1729 298 1819 QUI
321 1728 429 1802 PRO
455 1729 667 1803 SALUTE
693 1729 752 1802 SE
778 1729 1162 1802 OBTULERUNT.

207 1983 396 2057 ¹Horatius
412 1990 634 2086 trigeminus,
652 1991 714 2087 qui
731 1987 897 2060 adversus
913 1989 1091 2061 Curiatios
1105 1983 1210 2059 Alba·

156 2123 304 2189 norum,
326 2104 388 2200 qui
408 2100 454 2175 de
470 2127 610 2176 summo
627 2107 780 2200 imperio
797 2102 1068 2174 dimicaverunt.
1092 2099 1209 2189 Fabii,

158 2217 219 2312 qui
233 2219 400 2306 trecenti,
417 2243 528 2316 quum
541 2217 665 2290 omnes
682 2221 840 2315 patriciae
856 2220 973 2314 stirpis
990 2231 1119 2304 essent,
1136 2211 1212 2287 bel·

159 2325 235 2401 lum
256 2331 386 2403 Veiens
408 2330 636 2429 peculiariter
656 2330 723 2403 sibi
747 2331 1047 2429 depoposcerunt.
1071 2332 1212 2402 Mucius
1268 2341 1272 2348 “

160 2445 316 2535 Cordus,
332 2449 394 2544 qui
405 2445 546 2546 ignibus
556 2472 682 2521 manus
694 2450 874 2547 imposuit.
889 2447 1058 2520 Horatius
1071 2444 1211 2534 Cocles,

157 2561 219 2657 qui
234 2576 347 2656 ponte
361 2561 508 2633 rescisso
527 2557 667 2635 Tiberis
688 2577 843 2634 armatus
860 2564 999 2634 transiit
1019 2565 1212 2634 'navitans

159 2675 328 2745 Trecenti
341 2673 406 2746 suh
419 2673 614 2773 Calpurnio
629 2673 790 2749 Flamma
805 2693 929 2750 contra
942 2678 1088 2763 Poenos,
1102 2679 1164 2773 qui
1178 2679 1215 2747 in

159 2784 333 2860 Siciliensi
343 2785 449 2878 saltu,
464 2786 631 2863 ³mortu0
643 2797 816 2882 exercitu,
827 2789 1005 2890 populum
1013 2792 1215 2863 Romanum

160 2993 347 3066 Carthaginem
369 3016 424 3050 non
445 2997 587 3054 delendam
608 3021 670 3054 cen·
713 3023 765 3078 que
780 3004 894 3056 firmiora
910 3016 1063 3072 argumenta
1077 3000 1217 3073 merenda

162 3076 261 3144 tuisse,
271 3077 350 3128 etism
361 3077 405 3130 alii
414 3078 598 3150 prodiderunt.
609 3083 668 3134 Hoc
713 3086 820 3135 fuerant
827 3083 960 3152 liuperto.

161 3167 274 3226 propter
289 3156 419 3208 rationem
435 3161 563 3232 temporis
574 3179 668 3232 parum
749 3161 809 3213 Cis.
823 3157 1219 3232 XX.-1.Horatiustrigemi-

162 3232 302 3306 probabile
315 3233 423 3306 quidem
432 3235 536 3289 videtur
548 3239 669 3311 liuperto
714 3259 768 3294 nus.
782 3239 918 3294 Sententia
929 3237 1047 3311 postulat
1060 3236 1125 3308 legi,
1135 3239 1220 3291 Hora-

163 3315 210 3378 lll,
233 3314 263 3381 3,
282 3311 317 3365 ad
335 3315 457 3386 Ponspon
476 3314 509 3368 de
525 3317 559 3370 Ο.
577 3319 601 3369 J.
618 3315 670 3369 Sed
715 3322 746 3374 tii
759 3318 916 3393 Trigemini,
929 3316 1091 3370 etmoxtolli
1103 3309 1149 3390 qui
1158 3330 1220 3389 post

163 3412 194 3446 es
206 3413 260 3447 non
272 3396 382 3448 omniuo
394 3411 533 3470 repugnet.
544 3401 612 3452 Nam
621 3417 670 3472 po·
714 3397 885 3450 Albanorum.
904 3399 934 3448 ln
951 3398 1126 3469 inscriptione
1141 3400 1220 3449 etism

165 3473 215 3526 tuit
225 3473 259 3526 ab
271 3477 304 3526 Δ.
316 3476 349 3527 U.
361 3475 420 3542 DL,
435 3495 489 3549 quo
501 3480 619 3550 optimus
627 3483 672 3550 ju·
715 3475 871 3550 legendum,
889 3475 941 3546 Qui
951 3493 1002 3548 pro
1013 3471 1098 3528 'salute
1109 3473 1220 3548 populi,

164 3553 269 3607 dicatm
288 3567 342 3620 est,
362 3575 443 3627 quum
463 3557 584 3611 nondum
603 3572 673 3612 esset
713 3557 756 3610 vel
768 3559 835 3629 Pop.
849 3556 923 3609 Rotn-
936 3574 955 3608 s·
968 3574 992 3609 o.

166 3637 333 3706 quaestorius,
346 3647 377 3688 nt
391 3635 483 3689 scribit
498 3639 554 3691 liv.
572 3637 672 3706 XXIX,
753 3655 778 3690 s.
791 3635 928 3690 Navitans.
944 3637 1002 3688 Hoc
1015 3633 1091 3688 valde
1105 3634 1223 3688 insolens

170 3716 216 3784 td,
232 3715 314 3766 vitam
328 3714 483 3788 produxisse
496 3736 581 3790 usque
595 3717 629 3769 ad
640 3721 672 3770 Δ.
719 3731 772 3782 est,
784 3735 834 3769 nec
844 3729 926 3788 puto,
939 3713 1163 3788 quemadmodum
1176 3731 1224 3764 ne·

166 3796 199 3846 U.
211 3795 293 3847 DClll
304 3796 349 3867 qui
360 3798 494 3867 precessit
506 3797 675 3852 ohsidionem
718 3797 772 3848 vita
790 3807 816 3846 st
832 3805 928 3858 naute,
947 3793 985 3846 sio
1000 3785 1080 3845 etism
1094 3793 1184 3844 navilo
1199 3804 1224 3844 st

168 3875 675 3949 Carthaginis:quemadmodumetipse
720 3887 783 3928 nato
797 3875 858 3927 dici.

168 3952 249 4016 Coto,
269 3957 406 4006 contrarie
420 3956 555 4008 sententie
569 3969 677 4022 auctor,
758 3954 784 4006 3.
797 3955 913 4005 Mortuo.
928 3954 949 4005 F
950 3949 1046 4004 reinsh.
1060 3950 1095 4002 sd
1107 3949 1175 4003 Flor.
1189 3951 1227 4016 tl,

169 4032 229 4105 qui,
249 4050 331 4103 quum
348 4031 380 4084 Δ.
393 4035 427 4086 U.
442 4034 548 4086 nxttx
563 4047 678 4106 questu·
723 4053 752 4098 s,
773 4033 820 4101 13,
833 4031 898 4104 legit
911 4032 1028 4085 moritur.
1043 4029 1094 4086 Sed
1109 4029 1162 4084 hoc
1178 4049 1229 4104 pa-

169 4129 226 4162 ssm
235 4112 374 4183 gessisset,
381 4110 496 4166 decessit
505 4113 536 4166 A.
546 4113 577 4165 lJ.
587 4113 667 4166 DCIV
672 4153 678 4164 .
723 4133 783 4165 rum
792 4111 902 4185 prodest
912 4111 946 4164 sd
955 4110 1121 4185 purgandum
1129 4111 1227 4165 locum.

171 4190 281 4243 Manilio
291 4203 318 4243 et
328 4192 476 4246 Censorino
486 4191 561 4248 Coss.
572 4212 627 4267 qno
635 4189 682 4245 ob·
722 4195 791 4247 Nam
804 4192 976 4247 nihilominus
988 4191 1060 4246 nulls
1073 4205 1113 4247 est
1122 4205 1230 4246 senten-

171 4266 237 4318 sidio
250 4269 417 4341 Carthaginis
429 4271 560 4324 inchoata
570 4287 618 4326 est.
631 4275 682 4326 Its·
723 4275 758 4326 tis
772 4275 797 4324 in
812 4271 869 4340 his,
883 4275 1023 4327 «exercitu
1034 4272 1165 4346 populum
1178 4271 1230 4322 llo·

1033 4359 1074 4425 24.
