3156 4950
314 497 379 562 228
639 493 674 554 L-
698 491 859 554 ANNAEl
884 488 1029 554 FLORI

315 643 373 690 ces
388 637 626 714 myoparonas
642 613 741 708 gravi
760 625 795 680 et
812 609 944 680 Martia
963 606 1069 680 classe
1088 607 1266 699 turbaret,
1285 635 1357 684 non

280 761 296 812 5
313 735 497 804 incruenta
514 729 663 799 victoria
678 739 833 820 superat.
858 720 927 794 Sed
944 747 1009 794 nec
1030 727 1121 794 mari
1141 723 1357 798 submovisse

313 860 517 932 contentus,
531 839 759 915 validissimas
771 838 875 910 urbes
890 863 1030 928 eorum,
1043 855 1079 910 et
1090 837 1227 912 diutim
1238 841 1358 938 praeda

312 961 548 1049 abundantes,
562 954 723 1030 Phaselin
739 970 773 1027 et
787 954 973 1054 Olympon
987 959 1128 1045 evertit,
1141 959 1358 1056 lsauronque

311 1082 426 1176 ipsam
442 1101 561 1148 arcem
573 1071 705 1145 Ciliciae
716 1078 729 1142 τ’
742 1070 854 1162 unde,
873 1075 1032 1144 conscius
1047 1071 1115 1144 sibi
1130 1077 1249 1172 magni
1260 1070 1357 1146 labo·

275 1221 294 1273 6
311 1199 376 1282 ris,
391 1195 536 1266 Isaurici
550 1214 749 1288 cognomen
766 1187 954 1260 adamavit.
973 1189 1054 1260 Non
1070 1187 1153 1261 ideo
1166 1206 1288 1262 tamen
1302 1206 1357 1262 tot

311 1297 470 1380 cladibus
484 1306 628 1393 domiti,
645 1319 740 1376 terra
753 1330 790 1376 se
807 1306 989 1376 continere
1004 1319 1215 1401 potuerunt:
1236 1303 1300 1377 sed
1316 1322 1356 1377 ut
1433 1303 1436 1309 ’

309 1421 475 1521 quaedam
494 1416 676 1506 animalia,
696 1415 823 1515 quibus
842 1442 972 1515 aquam
992 1433 1196 1516 terramque
1215 1416 1355 1491 colendi

309 1540 451 1636 gemina
462 1549 588 1606 natura
598 1547 666 1621 est,
678 1530 743 1604 sub
755 1535 834 1629 ipso
846 1529 956 1604 hostis
969 1557 1122 1622 recessu,
1134 1537 1356 1639 impatientes

309 1650 395 1742 soli,
420 1655 457 1722 in
480 1674 588 1748 aquas
613 1673 691 1720 suas
714 1645 943 1737 resiluerunt3
968 1665 1004 1720 et
1031 1647 1210 1747 aliquanto
1234 1648 1354 1741 latius,

277 1805 291 1856 7
310 1790 419 1864 quam
433 1767 540 1862 prius.
554 1762 610 1834 Sic
622 1760 681 1833 ille
697 1778 777 1834 ante
789 1759 873 1834 felix
890 1765 1097 1862 Pompeius,
1118 1789 1211 1836 nunc
1230 1763 1355 1864 dignus

309 1884 459 1954 victoria
483 1883 576 1952 visus
604 1894 676 1966 est;
706 1893 741 1948 et
767 1875 1016 1952 Mithridaticae
1045 1884 1234 1976 provinciae
1260 1880 1356 1954 facta

309 2000 474 2070 accessio.
494 1993 557 2066 llle
577 1988 773 2093 dispersam
792 2009 869 2067 toto
886 1999 976 2066 mari
996 2011 1129 2092 pestem
1144 1992 1251 2068 semel
1267 2013 1301 2069 et
1317 2001 1354 2070 in

308 2127 524 2211 perpetuum
539 2107 662 2182 volens
677 2112 915 2210 exstinguere,
935 2109 1054 2182 divino
1072 2107 1228 2208 quodam
1243 2135 1354 2209 appa·
1465 2183 1471 2198 ,

274 2258 290 2309 a
308 2243 388 2299 ratu
402 2250 582 2326 aggressus
595 2203 821 2361 est-thtippe
837 2249 949 2323 quum
963 2222 1128 2295 classibus
1143 2228 1231 2329 suis,
1250 2241 1285 2296 et
1299 2239 1354 2296 so-

308 2342 455 2415 cialibus
465 2339 705 2430 Rbodiorum,
718 2339 1353 2442 abundaret,pluribuslegatisatque
1457 2399 1464 2411 .

307 2454 483 2557 praefectis
499 2471 650 2555 utraque
666 2457 769 2527 Ponti
787 2445 828 2528 et'
838 2439 975 2529 Oc‘eani
992 2481 1056 2528 ora
1070 2454 1273 2556 complexus
1287 2475 1348 2530 est.

341 2687 367 2753 4.
386 2687 570 2760 Myoparonas.
581 2687 698 2750 Turneb.
708 2687 809 2739 Advar·
848 2687 1044 2760 Claudiopolis,
1054 2706 1070 2740 a
1079 2684 1190 2742 Claudio
1199 2687 1244 2758 qui
1252 2687 1348 2740 ineam

306 2785 357 2819 sar.
372 2767 421 2832 lll,
436 2783 459 2831 t,
470 2766 647 2836 Myoparonas
658 2783 673 2818 a
685 2765 754 2818 Paro
766 2767 808 2818 in-
848 2767 982 2820 coloniam
993 2765 1113 2820 deduxit.

306 2848 379 2914 sula,
390 2861 417 2900 et
429 2848 541 2918 Myuate
551 2845 615 2899 urbe
625 2845 711 2900 dictos
719 2860 806 2918 putat.
884 2865 909 2916 7.
919 2849 962 2900 Sic
973 2845 1199 2919 incausalia...
1209 2864 1288 2912 nuuc,
1298 2859 1349 2898 etc.

305 2925 809 3000 MagitplacetseutentiaScaligeri,no·
848 2925 920 2994 Quid
931 2929 980 2980 ista
996 2946 1047 2978 vox
1063 2928 1141 2978 onte?
1158 2938 1228 2978 errat
1240 2925 1348 2979 Florus:

305 3026 366 3059 men
374 3009 508 3078 accepisse
518 3007 621 3072 apricat
630 3010 712 3060 Paros
720 3006 745 3078 (a
754 3026 807 3079 qua
848 3023 903 3058 uon
912 3005 1000 3058 adbuc
1011 3003 1192 3058 Mithridatem
1204 3003 1351 3058 debellave-

305 3088 384 3139 etiam
395 3089 497 3158 navigia
509 3086 629 3158 quadam
640 3089 754 3142 Paeones
763 3105 808 3138 ro·
848 3099 889 3136 rat
904 3086 1052 3157 Pompeius.
1067 3115 1103 3126 -
1113 3085 1150 3136 Et
1165 3085 1351 3138 Mittatdaticoe

305 3179 365 3218 eata
375 3165 478 3238 luere),
488 3185 521 3218 eo
530 3166 604 3240 quod
613 3169 718 3238 angusti
728 3181 754 3220 et
764 3166 809 3218 ob·
846 3164 988 3237 provincie
997 3167 1112 3220 musio.
1125 3164 1186 3218 seit.
1200 3164 1233 3216 ad
1245 3162 1350 3215 Mithri-

305 3245 379 3314 longi
393 3259 495 3309 essent,
512 3246 602 3316 qualia
616 3260 678 3298 sunt
694 3247 808 3298 murium
849 3243 963 3295 daticam
981 3245 1145 3315 provinciam
1159 3244 1287 3314 Pompeio
1301 3259 1349 3313 per

305 3338 332 3376 et
344 3323 516 3377 mustelarum
527 3343 650 3396 corpora.
663 3328 764 3379 Durata.
772 3355 808 3366 -
848 3319 916 3374 bane
928 3324 1065 3375 victoriam
1081 3322 1195 3376 accessio
1208 3322 1280 3374 facta
1292 3335 1347 3374 est:

305 3403 405 3456 Martia
426 3403 516 3456 Classe.
541 3405 636 3457 Martia
657 3405 747 3458 classis
768 3420 807 3458 eet
848 3403 894 3472 qui
912 3401 1019 3474 quidem
1034 3414 1157 3456 errorest
1170 3419 1250 3472 snpra
1263 3403 1349 3454 notati

305 3495 368 3554 apta
385 3495 411 3536 et
425 3485 552 3536 instructa
569 3483 605 3538 ad
618 3487 709 3537 Martis
722 3505 807 3558 opus,
848 3483 1045 3552 consequentia.
1059 3481 1127 3532 Nam
1139 3482 1295 3553 Pompeium
1307 3481 1349 3534 de·

304 3561 397 3630 idest,
413 3559 448 3613 ad
458 3579 577 3632 pugnas,
591 3581 674 3632 quum
689 3565 806 3634 piraticae
847 3579 932 3627 muru,
943 3561 1017 3616 finito
1027 3561 1098 3616 bello
1108 3564 1288 3634 compluitis,
1301 3561 1348 3614 ad·

304 3641 340 3696 ed
350 3639 537 3714 praedandum,
548 3657 626 3712 quam
639 3639 672 3692 ad
682 3661 805 3713 pugnan-
846 3661 936 3695 versus
946 3641 1127 3720 Mithridatem
1135 3643 1243 3696 missum
1252 3643 1347 3710 inisse,

304 3720 381 3788 dum,
395 3722 511 3794 aptiores
522 3733 616 3774 essent.
846 3737 951 3776 constat
960 3725 1103 3796 e'pluribue
1111 3724 1272 3789 auctoribus,
1278 3743 1347 3776 nem·

340 3802 365 3856 5.
384 3800 508 3858 Phaselis
525 3814 551 3854 et
567 3801 709 3874 Olympon.
721 3803 805 3855 Urbes
846 3822 879 3873 pa
889 3803 972 3857 Cicer.
983 3823 1032 3876 pro
1041 3805 1109 3875 lage
1116 3803 1238 3871 Manilia,
1248 3803 1349 3854 Plutar.

303 3881 401 3953 chiae,
414 3883 552 3934 maritimae
564 3895 590 3934 et
601 3881 734 3947 maximoe,
747 3899 804 3954 quae
845 3882 895 3935 cbo
909 3897 934 3936 et
945 3886 1079 3957 Appiano.

303 3961 448 4030 piratarum
471 3972 498 4012 et
522 3959 676 4033 praedonum
701 3979 805 4032 temper
881 3963 906 4016 8.
930 3963 1043 4036 Unaque
1054 3963 1135 4017 Ponti
1146 3976 1172 4014 et
1186 3963 1283 4016 Oceani
1292 3983 1344 4014 ore.

303 4040 466 4109 praecipuum
477 4037 638 4092 domicilium
651 4051 677 4090 et
689 4053 806 4111 recepta·
844 4043 881 4097 Oe
889 4045 966 4096 Ponti
974 4057 1052 4097 vocat
1062 4042 1233 4114 Propontidis
1242 4044 1343 4104 faucem

303 4115 395 4170 culum
415 4117 529 4170 fuerunt.
551 4145 586 4158 -
603 4118 720 4169 Isauros.
738 4118 803 4183 Quae
844 4123 945 4176 Oceam
956 4120 1097 4192 (Atlantici
1107 4121 1222 4192 scilieet)
1234 4139 1277 4186 os,
1290 4120 1345 4170 ira·

304 4194 412 4269 quidem
423 4195 487 4248 urbs
499 4194 632 4268 appellata
644 4198 692 4250 tuit
708 4211 803 4270 postea
844 4213 899 4252 tum
911 4198 1086 4254 Gaditanum:
1103 4201 1171 4252 sicut
1186 4201 1244 4270 ipse
1254 4195 1344 4270 paullo
