3156 4950
331 558 391 644 19⁸
653 554 690 618 u.
715 554 869 620 annm
892 553 1037 620 rtonr

325 673 599 778 indisciplinam
611 675 740 768 milite,
753 682 940 752 commissa
951 681 1063 766 aoies3
1080 675 1250 776 quodque
1261 701 1370 748 nemo

325 801 483 868 visurum
504 821 541 868 se
563 820 733 894 umquam
755 811 976 893 speraverat,
1003 792 1228 884 factumest,
1252 808 1293 864 ut
1314 791 1372 863 fn·

279 941 309 976 12
325 916 458 1013 pientes
475 913 708 985 Numantinos
728 915 913 1013 quisquam
931 909 1078 982 videret
1101 908 1243 982 Dedere
1261 911 1370 980 etiam

326 1051 401 1099 sese
428 1023 612 1116 volebant,
637 1029 666 1096 si
687 1023 873 1098 toleranda
895 1028 978 1096 viris
1004 1028 1263 1124 imperarentur
1270 1053 1279 1112 ;
1306 1021 1370 1096 sed

327 1167 438 1241 quum
447 1142 565 1240 Scipio
575 1167 698 1214 reram
706 1140 939 1215 velletetsine
949 1145 1158 1240 exceptione
1167 1143 1368 1228 victoriam,

327 1281 371 1328 eo
382 1260 630 1329 necessitatum
639 1255 828 1354 compulsi,
841 1259 1063 1354 primum,ut
1074 1255 1370 1330 destinatamorte

288 1407 291 1416 v
327 1377 363 1444 in
375 1371 535 1470 praelium
549 1389 711 1463 ruerent,
728 1399 840 1472 quum
854 1399 930 1447 sese
945 1377 1042 1471 prius
1059 1370 1188 1472 epulis,
1206 1375 1305 1470 quasi
1321 1373 1370 1442 in·

326 1485 440 1578 feriis,
461 1485 718 1586 implevissent,
738 1490 854 1562 caruis
873 1485 1098 1576 semicrudae,
1123 1501 1158 1558 et
1178 1483 1296 1557 eeliae:
1321 1487 1370 1555 sie

281 1611 312 1664 ¹3
328 1618 458 1676 vocant
473 1599 676 1701 indigenam
693 1627 735 1674 ex
748 1599 928 1676 immerito
940 1604 1136 1700 potionem.
1150 1597 1371 1671 Intellectum

330 1716 375 1792 ab
400 1721 616 1815 imperatore
638 1714 825 1788 eonsilium
848 1741 855 1786 :
884 1720 1004 1815 itaque
1029 1740 1103 1788 nou
1125 1730 1177 1786 est
1200 1716 1371 1812 permissa

328 1855 449 1930 pugna
459 1835 650 1904 morituris.
659 1830 781 1920 Quum
791 1829 884 1904 fossa
893 1847 999 1931 atque
1010 1829 1138 1918 lorica,
1150 1844 1371 1928 quatuorque

331 1950 455 2019 castris
471 1945 707 2020 circumdatos
720 1947 832 2021 fames
842 1962 1040 2046 premeret,
1060 1945 1214 2019 abduce
1234 1960 1373 2018 orantes

330 2059 509 2160 praelium,
524 2078 565 2134 ut
579 2078 762 2163 tamquam
776 2067 871 2136 viros
887 2061 1084 2152 occideret,
1098 2059 1160 2132 ubi
1176 2087 1249 2134 uon
1263 2064 1372 2158 impe·

283 2193 315 2260 14
330 2175 490 2267 trabant,
508 2175 642 2275 placuit
660 2183 811 2276 eruptio.
832 2178 889 2250 Sic
908 2191 1069 2274 conserta
1087 2200 1214 2263 mauu,
1230 2173 1373 2273 plurimi

333 2293 459 2380 occisi3
491 2305 527 2363 et
551 2317 662 2393 quum
687 2309 831 2394 urgeret
855 2292 986 2382 fames,
1015 2289 1268 2392 aliquantisper
1291 2287 1374 2361 inde

332 2408 462 2477 vixere.
477 2407 672 2484 Novissime
688 2407 875 2484 consilium
889 2407 982 2508 fugae
998 2407 1108 2482 sedit:
1125 2407 1187 2480 sed
1202 2404 1273 2480 hoc
1289 2429 1375 2503 quo·

334 2544 419 2620 que,
429 2524 542 2618 ruptis
552 2537 725 2630 equorum
736 2521 897 2623 cingulis,
905 2547 1034 2596 -uxores
1044 2521 1222 2611 ademere,
1235 2543 1373 2590 summo

285 2653 316 2707 15
334 2633 483 2728 scelere,
504 2663 570 2736 per
582 2619 895 2737 amoremfltaque
913 2635 1101 2737 deplorato
1116 2639 1227 2722 exitu,
1245 2637 1283 2706 iu
1296 2629 1375 2708 ulti·

332 2777 430 2824 mam
454 2751 591 2826 rabiem
618 2751 848 2852 furoremque
874 2757 1054 2840 conversi,
1079 2765 1258 2850 postremo
1282 2749 1397 2841 mori⁸

332 2865 402 2940 hoc
421 2892 550 2964 genere
567 2862 805 2943 destinarunt:
825 2866 934 2940 duces
953 2893 1052 2956 suos,
1070 2891 1195 2964 seque,
1212 2865 1377 2962 patriam·

333 3011 419 3082 que,
433 2981 529 3058 ferro
546 3000 582 3057 et
592 3011 747 3074 veneno,
764 2982 996 3084 subjectoque
1009 2981 1167 3080 undique
1183 2983 1264 3080 igne
1279 3003 1378 3080 pere·

333 3115 486 3175 marunt.
1022 3179 1024 3186 ,

286 3246 318 3297 ,6
382 3217 501 3287 Macte
519 3216 765 3305 fortissimam,
784 3231 820 3288 et
834 3241 915 3287 meo
930 3213 1067 3316 judicio
1085 3210 1323 3285 beatissimam
1341 3213 1379 3280 in

334 3333 417 3429 ipsis
433 3327 533 3402 malis
552 3331 748 3404 civitatem!
769 3333 914 3415 asseruit
932 3355 1014 3402 cum
1030 3327 1101 3404 fide
1117 3331 1246 3418 socios,
1265 3349 1380 3424 popu·

375 3548 414 3584 ra.
426 3531 555 3600 Primum.
566 3533 625 3585 Vox
641 3531 698 3598 illa,
713 3551 770 3603 quae
780 3535 836 3604 qui·
879 3533 1099 3588 animilitudinem
1125 3532 1179 3583 tini
1206 3543 1377 3601 eurr-uptun.»

336 3610 415 3678 dem,
432 3629 488 3664 uon
504 3628 603 3682 magne
619 3614 656 3664 rei
673 3625 729 3680 est,
747 3613 783 3664 ita
800 3625 837 3666 ta·
915 3613 954 3664 13.
977 3613 1150 3666 Loricasffic
1169 3629 1221 3683 pro
1243 3607 1381 3662 sallom

335 3707 396 3742 meu
404 3701 492 3761 potest
502 3690 600 3761 accipi,
610 3707 656 3742 eos
666 3692 782 3762 primum
791 3709 837 3743 vo·
875 3707 964 3746 terreo
973 3711 1051 3745 muro
1061 3693 1184 3754 sumitur,
1193 3701 1222 3742 ut
1229 3706 1298 3759 saepe
1308 3684 1381 3758 apud

334 3769 415 3824 luisse
427 3781 578 3842 pugnantes
590 3771 672 3822 mori:
686 3769 781 3825 deinde
791 3769 837 3822 ubi
876 3785 986 3826 veteres.
1002 3801 1038 3812 -
1053 3771 1199 3841 Quattuor...
1214 3767 1309 3820 castris.
1324 3765 1382 3834 ap·

268 3841 276 3849 ⁶
334 3847 386 3902 hoe
394 3869 448 3904 uon
456 3848 663 3916 concedebatur,
674 3849 837 3904 aliainiriase
872 3845 1382 3924 ,piaouainllirpau.tradit,a8cipiouc

335 3929 460 3996 consilia,
477 3949 535 4000 qun
552 3949 612 3984 mox
630 3929 788 3984 referuntur.
803 3958 836 3968 -
877 3935 981 4005 gemina
989 3947 1076 3985 castra
1083 3931 1294 3984 adNumantiam
1302 3927 1381 3989 lacta,

337 4007 423 4062 cotta
440 4007 592 4074 cerevisia,
609 4023 640 4064 ut
656 4010 711 4063 fere
727 4022 839 4062 vocatur
879 4027 1009 4066 eteorum
1021 4011 1109 4064 alteris
1121 4011 1223 4081 ipsum,
1232 4007 1324 4080 ¹alteris
1335 4005 1382 4056 r·-

335 4088 836 4157 gonus.-Exfrumento.Tacit.Gerrn.
878 4093 951 4146 bium
964 4093 1073 4143 fratrem
1085 4091 1142 4159 ejus
1154 4087 1301 4159 praefuisse.

336 4184 397 4238 cap.
407 4165 531 4233 xxxtrr,
546 4185 571 4220 r:
585 4171 682 4224 «Potui
691 4169 838 4236 humor‚ex
917 4172 957 4223 16.
968 4173 1065 4224 Macte.
1077 4167 1199 4220 Felicitan·
1214 4180 1242 4218 et
1257 4165 1332 4218 bene.
1346 4189 1382 4204 -··

218 4269 227 4280 ·
339 4247 463 4300 «hordeo
472 4247 838 4322 etfrumento‚inquamdam
877 4250 998 4303 Aaron
1017 4248 1139 4313 Scilicet,
1153 4245 1280 4298 defendit.
