3142 4938
590 519 733 584 LIBER
757 519 948 584 PRIMUS.
1235 543 1289 583 rot

248 779 342 798 WWQ
345 779 633 800 mmmm
638 779 922 801 ΜΊΜΜΎᾺῚΜῚΜ
926 777 1163 802 mmmmm
1167 778 1259 798 ΙΝΙΛΜ
1264 779 1295 798 Ἀ

705 977 834 1051 ΧΙΙΙ.

483 1198 706 1269 BELLUM
731 1196 1054 1268 GALLlGUM*.

295 1409 364 1482 Hic
379 1415 452 1482 sive
466 1408 600 1483 invidia
615 1407 739 1500 deum,
754 1414 825 1482 sive
837 1408 933 1498 fato,
949 1408 1191 1508 rapidissimus
1206 1434 1294 1508 pro·
1332 1437 1341 1470 ι

246 1529 420 1596 currentis
432 1527 575 1638 imperii
585 1549 703 1596 cursus
717 1550 910 1623 parumper
919 1521 1106 1596 Gallorum
1115 1525 1294 1596 Senonum

246 1641 448 1712 incursione
460 1643 699 1736 supprimitur.
713 1638 822 1731 Quod
834 1656 972 1738 tempus
981 1637 1118 1738 populo
1130 1643 1293 1712 Romano
1329 1676 1342 1709 α

246 1756 365 1825 nescio
378 1769 499 1824 utrum
513 1751 613 1826 clade
624 1751 793 1826 funestius
807 1753 929 1844 fuerit,
944 1780 989 1826 an
1002 1759 1174 1827 virtutum
1189 1779 1294 1852 expe-

247 1869 402 1938 rimentis
419 1871 618 1966 speciosius.
636 1869 688 1940 Ea
703 1885 797 1941 certe
811 1868 879 1940 fuit
891 1873 942 1941 vis
959 1867 1183 1958 calamitatis,
1201 1873 1293 1940 utin
1328 1893 1343 1942 s

244 1986 525 2081 experimentum
544 1981 679 2055 illatam
696 2002 819 2084 putem
838 1983 1019 2072 divinitus,
1035 1988 1124 2056 scire
1140 1981 1292 2056 volenti-

243 2096 309 2170 bus
334 2097 593 2172 immortalibus
615 2099 702 2188 diis,
725 2126 770 2171 an
790 2103 952 2172 Romana
973 2105 1082 2172 virtus
1102 2103 1295 2197 imperium

246 2209 342 2283 orbis
363 2230 571 2285 mereretur.
594 2212 689 2286 Galli
711 2215 887 2303 Senones,
914 2240 998 2312 gens
1022 2231 1149 2286 natura
1170 2213 1291 2298 ferox,
1328 2233 1344 2296 4

245 2325 404 2399 moribus
416 2327 614 2418 incondita,
633 2328 764 2401 adhoc
782 2334 857 2430 ipsa
869 2355 1062 2430 corporum
1076 2329 1188 2420 mole,
1206 2357 1292 2428 per-

244 2440 328 2514 inde
352 2447 458 2516 armis
487 2443 708 2543 ingentibus,
734 2445 825 2518 adeo
848 2449 946 2519 omni
971 2473 1100 2546 genere
1124 2445 1291 2520 terribilis

245 2553 328 2645 fuit,
352 2573 392 2630 ut
413 2557 520 2656 plane
543 2575 625 2632 nata
647 2560 693 2634 ad
717 2559 902 2634 hominum
925 2566 1124 2649 interitum,
1148 2559 1290 2631 urbium

280 2725 355 2780 ‘Cin
366 2729 434 2780 x111.
442 2730 546 2782 Bantnu
554 2730 697 2784 Gttmcuu.
707 2735 748 2784 In·
788 2736 840 2785 rint
860 2751 891 2784 ex
912 2729 1087 2802 Transalpina
1107 2731 1223 2799 regione.
1243 2729 1290 2779 Eo.

244 2811 392 2879 ceptumA.
403 2811 435 2860 U.
447 2810 746 2881 365,antec.tt.389;
786 2817 885 2866 Πειρη.
1189 2809 1192 2816 ’

246 2897 272 2936 et
287 2903 301 2936 e
318 2885 458 2938 Dolabella
471 2889 574 2941 finitum
589 2893 620 2941 A.
636 2893 669 2941 U.
684 2891 747 2958 471,
822 2893 847 2944 3.
862 2892 894 2942 In
907 2892 1120 2962 experimentum.
1138 2890 1213 2938 Hanc
1230 2901 1292 2937 sen-

246 2975 308 3015 tnte
317 2965 347 3016 G.
360 2965 393 3014 N.
409 2966 475 3030 283,
492 2967 540 3019 106
550 2981 693 3038 postquam
706 2969 749 3019 in·
788 2971 898 3022 tentiam
910 2968 1030 3020 hausisse
1041 2965 1146 3016 videtur
1155 2964 1248 3016 Florus
1261 2981 1292 3015 ex

246 3053 355 3114 coptum
369 3043 463 3094 litarat.
478 3045 562 3113 Hujus
578 3045 642 3096 belli
657 3047 750 3116 praeci-
790 3047 854 3098 Silio
867 3045 923 3098 ltal.
938 3045 984 3096 lib.
996 3046 1046 3110 111,
1059 3042 1124 3112 573,
1134 3041 1180 3095 ubi
1191 3045 1293 3114 Jupiter

244 3140 299 3196 pue
311 3123 488 3174 meminerunt
499 3123 553 3174 Liv.
562 3124 592 3189 V,
603 3123 650 3185 36;
660 3123 748 3176 Valer.
792 3123 961 3175 advenerem
970 3121 1002 3174 de
1010 3121 1088 3174 bellis
1096 3120 1293 3192 Carthaginien·

244 3201 314 3254 Max.
326 3203 351 3267 1,
364 3199 394 3265 5,
410 3215 436 3260 13
449 3199 581 3252 Plutarch.
593 3200 694 3255 Camill.
708 3219 750 3272 27,
791 3206 858 3256 sium
870 3223 931 3256 cum
939 3203 1062 3255 Romanis
1071 3199 1205 3274 gerendis:
1218 3203 1292 3258 ullae

245 3295 271 3333 et
281 3279 413 3334 Problem.
429 3279 478 3346 243
493 3293 587 3334 auctor
598 3280 631 3333 de
641 3280 750 3334 Viribus
794 3301 863 3354 nego
886 3284 975 3335 Martis
996 3282 1067 3334 Mole
1084 3283 1153 3334 viros
1172 3293 1291 3353 spectare

244 3361 340 3412 illustr.
356 3379 416 3432 cap.
434 3361 483 3423 23;
498 3362 609 3432 August.
627 3358 660 3412 de
672 3361 748 3414 Civit.
792 3381 895 3435 sparo,
918 3375 998 3434 atque
1020 3362 1167 3433 expendere
1185 3359 1264 3413 bello.
1276 3386 1288 3410 s

244 3439 309 3507 Dei,
320 3441 358 3507 11,
373 3457 422 3505 aa,
437 3452 464 3492 et
475 3441 526 3500 lli,
541 3442 748 3512 173Veget.lV,
763 3497 766 3508 ¹
789 3443 846 3494 Hoc
867 3454 922 3506 est,
947 3440 999 3492 hoc
1020 3440 1089 3492 bello
1109 3441 1237 3512 experiar,
1257 3459 1291 3492 sn

246 3519 301 3579 283
330 3519 421 3591 Virgil.
450 3519 552 3573 AEneid.
577 3523 651 3588 vul,
679 3519 748 3585 652;
788 3523 900 3573 Romani
919 3521 971 3573 sint
988 3519 1062 3592 digni
1080 3520 1154 3572 orbis
1170 3521 1290 3590 imperio.

244 3599 359 3652 Martial.
374 3601 747 3671 x111,7t;0vid.Fast.v1,
787 3597 912 3669 Ejusdem
926 3601 1061 3651 sententiae
1078 3611 1118 3650 est
1132 3596 1204 3670 quod
1220 3596 1291 3649 itlenr

245 3679 312 3734 3512
330 3697 388 3753 quse
405 3677 464 3730 loca
479 3683 611 3750 congessit
625 3681 747 3744 Gemers;
787 3693 868 3751 poeta
880 3678 973 3730 eodem
985 3680 1012 3728 in
1025 3677 1109 3744 libro,
1118 3695 1156 3729 vs.
1173 3676 1236 3740 163,
1249 3695 1291 3728 cs-

245 3771 271 3810 et
282 3758 377 3830 quibus
390 3755 459 3808 adde
468 3759 623 3830 Eutropium
633 3763 657 3820 l;'
667 3763 746 3815 Oros.
788 3760 840 3810 nit:
857 3758 944 3808 :Tum
957 3769 1034 3827 pater
1045 3759 1214 3826 omnipotens
1225 3773 1292 3826 gen·

245 3840 268 3892 ll
277 3876 286 3904 ,
300 3854 338 3908 19.
791 3861 802 3882 ι
812 3851 866 3888 tem
874 3853 997 3888 exercere
1003 3835 1109 3906 periclis
1117 3835 1292 3900 Dardaniam,

286 3933 307 3968 ι.
321 3914 458 3969 Gallontm
468 3916 611 3968 Senonum.
624 3915 692 3968 Galli
705 3918 748 3969 Se·
792 3937 802 3960 ι
813 3916 919 3967 etfama
932 3930 1061 3965 sevorum
1074 3912 1167 3965 tollere
1179 3913 1212 3966 ad
1224 3928 1293 3967 astra

247 4013 348 4060 nones,
363 3995 453 4048 Gallie
468 3994 579 4068 populi,
594 3994 694 4048 Nerviis
708 3997 748 4047 vi·
792 3994 947 4046 «Bellorum
967 3992 1116 4056 meditans,
1139 3993 1292 4064 priscosque

246 4075 300 4127 cini
312 4090 403 4126 versus
418 4092 551 4126 occasum.
566 4075 621 4126 Hos
635 4075 749 4147 primum
794 4075 913 4126 treferre
925 4072 1057 4138 labores„
1068 4109 1074 4122 .
1085 4113 1090 4123 .
1103 4095 1114 4118 ι
1128 4073 1255 4127 anvtns.

246 4151 330 4210 :trove
355 4153 502 4224 appellatos
526 4153 612 4206 luisse
638 4153 750 4206 traditur
825 4153 850 4220 4
872 4155 952 4205 Omni
970 4171 1071 4227 genere.
1094 4152 1200 4206 Scilicet
1220 4153 1294 4200 omni

246 4235 400 4298 Historicis,
425 4235 485 4305 quia
507 4237 533 4286 in
550 4233 651 4286 ltaliam
668 4253 748 4286 vene·
789 4230 878 4283 modo.
