3142 4938
325 483 384 546 116
650 483 684 542 l..
709 481 863 543 ANNAEl
888 479 1032 544 FLORl

319 603 408 676 adeo
423 620 508 676 tunc
517 607 645 675 terrori
657 619 749 692 erat,
763 617 803 674 ut
819 619 958 674 senatus
971 601 1108 675 consuli
1122 601 1361 696 denuntiaret,

284 735 301 801 4
318 745 362 790 ne
378 731 524 790 tantum
536 715 685 816 periculi
701 715 839 814 ingredi
855 715 1012 788 auderet.
1035 714 1105 788 Sed
1123 714 1212 788 nihil
1232 715 1363 791 horum

316 836 444 905 terruit
459 831 598 903 ducem.
615 830 712 920 Quin
729 829 839 903 fratre
855 834 1053 930 praemisso,
1067 830 1231 929 explorat
1246 858 1363 905 acces·

316 973 382 1019 sus.
397 945 460 1019 Ille
474 973 541 1044 per
556 963 699 1019 noctem
712 941 868 1045 pastorio
878 944 1006 1019 babitu
1016 946 1215 1044 speculatus
1226 953 1360 1035 omnia,

283 1085 297 1137 5
316 1064 425 1137 refert
446 1079 562 1134 tutum
582 1068 660 1135 iter.
685 1063 742 1134 Sic
763 1061 893 1135 Fabius
914 1064 1090 1135 Maximus
1115 1063 1362 1162 periculosissi-

316 1205 414 1250 mum
427 1177 563 1251 bellum
576 1181 650 1250 sine
667 1176 828 1276 periculo
848 1175 1054 1276 explicavit:
1072 1202 1157 1250 nam
1172 1177 1289 1253 subito
1304 1183 1361 1250 in-

315 1293 477 1366 conditos
491 1311 598 1394 atque
613 1293 771 1393 palantes
786 1319 967 1393 aggressus
980 1310 1047 1384 est3
1064 1299 1246 1393 captisque
1254 1321 1362 1393 supe-

281 1409 466 1482 trioribus
492 1410 603 1509 jugis,
632 1414 668 1481 in
700 1409 877 1508 subjectos
909 1437 972 1483 suo
993 1411 1074 1510 jure
1111 1411 1281 1483 detonuit.
1310 1413 1362 1483 Ea

313 1552 468 1625 namque
484 1531 617 1625 species
638 1525 706 1599 luit
726 1525 817 1598 illius
832 1525 935 1617 belli,
958 1531 1058 1626 quasi
1080 1533 1118 1599 in
1131 1534 1322 1627 terrigenas
1342 1554 1361 1599 e

281 1641 399 1730 7caelo
418 1669 459 1715 ac
479 1641 633 1716 nubibus
658 1642 730 1715 tela
750 1649 985 1716 mitterentur.
1010 1647 1085 1716 Nec
1107 1648 1289 1716 incruenta
1308 1661 1362 1717 ta-

315 1783 396 1828 men
417 1756 476 1829 illa
497 1763 663 1830 victoria:
688 1785 771 1830 nam
795 1785 983 1857 oppressus
1003 1764 1040 1830 iu
1057 1763 1134 1830 sinu
1152 1756 1252 1830 vallis
1274 1757 1362 1830 alter

314 1871 498 1944 consulum
514 1874 661 1960 Decius,
679 1899 780 1945 more
795 1877 913 1971 patrio
929 1873 1100 1945 devotum
1116 1869 1182 1943 diis
1196 1869 1360 1944 Manibus

314 1985 443 2060 obtulit
456 2002 581 2086 caput;
599 1987 852 2088 solennemque
873 1985 1016 2060 familiae
1036 2013 1106 2059 suae
1120 1991 1360 2060 consecratio·

314 2131 396 2178 nem
413 2109 448 2176 in
460 2109 618 2177 victoriae
635 2109 791 2204 pretium
808 2105 956 2204 redegit.

348 2282 373 2350 4.
381 2285 433 2336 Sed
438 2283 506 2338 ntltt
513 2284 604 2338 borum
615 2287 705 2339 terruit
712 2287 814 2339 ducem.
856 2300 886 2338 ut
900 2305 968 2358 rape
982 2285 1101 2358 loquitur
1115 2285 1219 2336 Noster.
1236 2284 1275 2334 lta
1292 2284 1360 2334 inire

314 2363 384 2432 Quin
394 2364 480 2434 fratre
495 2368 624 2436 premisso
638 2366 757 2439 explorat
772 2386 815 2419 ao-
856 2369 905 2432 lll,
921 2385 967 2437 17:
985 2366 1162 2437 «luterceptis
1174 2361 1360 2435 vectigalibus,

312 2460 397 2494 resno.
425 2446 462 2496 Ex
484 2443 605 2498 Salmasii
629 2446 814 2500 emendatione
858 2440 1360 2517 asunjurepeculabanturrempubli-

313 2523 351 2574 ric
368 2521 439 2575 hunc
457 2523 544 2576 locum
562 2543 622 2577 enm
635 2525 743 2580 Dukero
757 2527 812 2580 dis·
857 2544 946 2578 «cam.
957 2551 968 2572 ι
985 2523 1115 2578 Nonnulli
1125 2537 1267 2576 suo'more:
1282 2520 1358 2573 male.

226 2613 232 2626 ¹
312 2602 487 2672 tinguendum
503 2607 670 2673 censuimus,
687 2625 768 2678 quum
786 2608 814 2660 in
854 2606 958 2678 Lipsius
970 2625 1003 2659 ex
1013 2602 1244 2675 conjecturaJovir
1255 2620 1333 2653 more.

312 2681 388 2736 editis
400 2683 534 2755 plerisque
548 2683 666 2757 legatur:
681 2686 733 2737 Sed
744 2685 816 2738 niti!
890 2685 916 2736 6.
927 2686 968 2737 Εα
979 2697 1091 2757 namque
1099 2683 1221 2756 species...
1235 2680 1287 2733 tela
1298 2680 1360 2732 mit-

312 2760 404 2814 lrorum
417 2765 508 2814 terruit
518 2763 608 2816 ducem
614 2803 623 2831 ,
638 2765 703 2837 quin
710 2805 718 2832 ‚
728 2765 816 2838 fratre
856 2775 978 2818 terremur.
992 2767 1078 2834 Quem
1087 2760 1193 2835 quidem
1202 2760 1290 2812 locum
1298 2762 1359 2829 jure

310 2843 453 2912 premisso,
463 2843 582 2916 explorat
591 2843 654 2914 (aut
665 2848 692 2898 in
704 2845 816 2916 quibus·
856 2858 1113 2916 carpseruntomnea
1121 2853 1359 2902 commentatores,

312 2922 374 2976 darn
392 2924 522 2997 exploret,
542 2928 633 2977 autin
652 2925 814 2996 quibusdam
856 2937 950 2997 utpote
967 2923 1200 2978 declamatorium:
1221 2921 1258 2973 ita
1277 2933 1306 2972 ut
1327 2919 1359 2970 il·

312 3002 368 3055 aliis
378 3001 665 3076 exploraret)accersus.
676 3035 712 3046 -
720 3005 815 3076 Spera·
853 3001 910 3056 lum
917 3007 999 3057 Turn
1009 3023 1040 3056 ex
1052 3000 1218 3073 interpolatis
1226 3017 1283 3053 erae
1295 3001 1359 3050 exir-

311 3082 378 3134 latus
390 3084 493 3149 omnia,
509 3085 588 3154 refert
600 3095 686 3137 tutum
702 3085 757 3137 iter.
770 3086 814 3136 Vi·
854 3085 938 3136 timet.
951 3086 1003 3136 Pro
1017 3085 1291 3144 murmurantem,
1302 3081 1359 3150 qui·

311 3175 388 3215 netur
400 3183 430 3215 ex
442 3163 577 3215 Joruande
588 3169 749 3231 restituerat,
761 3183 815 3236 spe·
855 3161 917 3215 darn
922 3166 1081 3236 jacerentur.

310 3244 508 3298 culattrromrria
516 3245 595 3314 refert
604 3258 686 3300 totum
698 3248 753 3300 iter.
764 3247 815 3302 Sed
892 3242 1121 3314 7.Incruentailla
1129 3236 1309 3293 uictoria.Vide
1317 3255 1359 3289 su·

311 3336 435 3393 praterea
443 3323 588 3377 domandis
597 3326 652 3378 duo
663 3327 723 3379 libri
731 3343 817 3382 retur.
855 3341 904 3395 pra
916 3321 950 3374 ad
965 3321 1078 3374 titulum.
1090 3319 1171 3385 Quod
1181 3317 1252 3370 bello
1265 3330 1358 3370 contra

311 3405 413 3467 tissimi,
421 3415 447 3455 et
456 3404 653 3473 Langobardico
664 3405 815 3460 charactere
855 3403 998 3468 Samnites,
1008 3399 1099 3452 Gall&
1112 3413 1139 3450 θῑ
1152 3399 1279 3450 Etruscos
1294 3415 1359 3449 0οη-

312 3485 424 3547 emini,
435 3484 540 3552 legunt:
560 3486 638 3556 refert
653 3497 738 3538 tutum
751 3489 813 3540 iter.-
854 3485 926 3552 tigit,
939 3479 967 3533 id
983 3479 1051 3532 male
1062 3478 1095 3533 de
1107 3481 1233 3544 Etrusco,
1246 3497 1301 3550 quo
1313 3478 1359 3530 Ci-

311 3581 390 3634 qnam
404 3562 512 3634 quidem
524 3562 666 3616 lectionem
680 3584 739 3616 cum
752 3568 815 3620 Sar·
854 3563 934 3614 minin
946 3559 1009 3612 silva
1019 3561 1089 3610 facta
1098 3571 1138 3611 est
1149 3557 1250 3630 pervia,
1260 3570 1357 3610 narrat.

311 3659 375 3694 tone
383 3643 614 3696 renumerat
622 3663 653 3694 ex
661 3643 713 3694 alio
721 3648 813 3697 Nazar.
854 3669 890 3680 -
908 3640 978 3691 Nam
1000 3655 1131 3709 oppressus
1150 3637 1177 3688 in
1195 3637 1255 3688 sinu
1272 3634 1357 3687 uallis.

311 3719 423 3789 codice,
444 3720 558 3774 habente
580 3722 659 3795 refert
681 3733 735 3775 tum
757 3724 813 3789 iter,
855 3723 912 3773 Hoc
922 3720 996 3789 lingit
1004 3718 1114 3786 Florus,
1126 3731 1152 3770 et
1162 3735 1292 3789 nusquam
1302 3716 1358 3767 fac·

311 3800 503 3855 Freinshemius
511 3802 687 3875 Dukerueqne
695 3804 732 3854 ric
741 3802 814 3855 ltunc
855 3815 912 3853 turn
924 3802 1005 3852 fuisse
1017 3798 1122 3869 legitur.
1134 3827 1168 3837 -
1178 3799 1252 3849 More
1261 3796 1357 3866 patrio.

310 3881 399 3934 locum
409 3883 528 3954 legerunt
536 3905 542 3933 :
551 3881 703 3954 Speculatus
710 3883 813 3946 munia,
853 3879 920 3932 Vide
931 3899 1026 3951 supra,
1035 3883 1060 3945 l,
1074 3880 1121 3946 14,
1133 3876 1359 3930 3.-Soleunem·

311 3959 396 4028 refert.
409 3963 477 4014 Tum
492 3962 546 4016 iter.
559 3963 617 4027 Sic,
629 3977 679 4015 etc.
854 3978 903 4030 que
916 3959 1060 4030 familia...
1075 3960 1103 4010 r'rr
1118 3959 1231 4011 victorioe
1244 3958 1358 4027 pretium

347 4039 371 4090 5.
395 4041 560 4114 Explicavit,·
584 4044 711 4114 perfecit:
731 4054 815 4093 meta·
856 4041 960 4112 redegit.
971 4037 1123 4091 Fecitillam
1131 4038 1357 4090 consecrationem

310 4119 396 4190 phora
413 4119 446 4172 ab
463 4122 552 4175 auloeie
570 4121 699 4174 desorata.
714 4151 748 4161 -
762 4122 813 4174 Suo
855 4121 967 4189 pretinm
977 4121 1106 4182 victoria,
1116 4120 1170 4170 sire
1180 4135 1235 4169 rem
1246 4133 1298 4184 qua
1306 4115 1358 4164 vic-

305 4203 366 4274 jnre
377 4199 502 4253 detonuit.
514 4199 544 4252 ld
556 4214 612 4266 eet,
624 4219 672 4252 ruo
687 4199 814 4266 arbitrio,
855 4201 923 4251 toria
935 4198 1027 4250 redimi
1040 4211 1065 4249 et
1078 4197 1228 4269 comparari
1239 4206 1339 4267 portet.
