3156 4950
315 564 377 610 202
424 543 460 606 L.
480 543 634 608 ANNAEI
654 542 801 608 FLORl
822 542 967 629 LIBER
984 541 1247 608 SECUNDUS.

313 671 465 742 vinciam
481 666 634 766 populus
647 668 827 748 Romanus
840 692 914 746 uon
927 666 1072 766 quidem
1086 664 1198 757 bello,
1216 693 1282 739 nec
1299 693 1358 740 ar-

314 788 398 872 mis,
415 782 496 872 sed,
514 782 612 882 quod
631 797 683 855 est
696 787 847 881 aequius,
863 785 1063 854 testamenti
1076 781 1157 880 jure
1172 781 1356 855 retinebat.

280 903 297 970 4
315 896 385 969 Sed
400 896 511 988 hanc,
529 896 675 970 difficile
693 895 791 969 dictu
807 913 878 984 est,
895 911 1015 968 utrum
1031 894 1170 969 facilius
1184 901 1356 986 amiserit,

316 1038 361 1085 an
383 1015 654 1111 recuperaverit.
681 1015 899 1084 Aristonicus
926 1014 1013 1111 regii
1039 1014 1232 1110 sanguinis,
1258 1011 1357 1084 ferox
1419 1073 1424 1084 .

310 1125 466 1226 juvenis,
484 1125 589 1199 urbes
606 1124 747 1224 regibus
763 1151 890 1224 parere
904 1139 1088 1197 consuetas
1106 1128 1238 1222 partim
1254 1122 1358 1196 facile

314 1239 495 1314 sollicitat:
512 1266 643 1340 paucus
654 1245 871 1330 resistentes,
885 1238 1078 1340 Myndum,
1090 1239 1237 1330 Samon,
1254 1237 1358 1312 Colo.

280 1357 489 1456 spbouem,
512 1363 548 1429 vi
572 1361 718 1457 recepit.
744 1360 858 1432 Crassi
882 1383 1025 1457 quoque
1046 1362 1205 1456 praetoris
1229 1356 1358 1430 cecidit

314 1477 523 1561 exercitum,
537 1476 724 1573 ipsumque
736 1476 842 1571 cepit.
854 1471 924 1544 Sed
935 1469 995 1544 ille
1006 1497 1144 1545 memor
1156 1469 1357 1562 etfamiliee,
1464 1466 1468 1478 ’

314 1602 349 1659 et
360 1589 512 1662 Romani
526 1592 693 1678 nominis,
707 1587 891 1660 custodem
903 1613 1004 1661 suum
1015 1585 1213 1662 Barbarum
1223 1585 1359 1688 virgula¹

315 1719 466 1775 excaecat
483 1707 550 1774 :iu
569 1707 713 1776 exitium
734 1707 805 1794 sui,
826 1702 925 1804 quod
944 1701 1103 1792 volebat,
1122 1705 1172 1776 ita
1193 1707 1358 1790 concitat

279 1832 296 1884 6
313 1815 400 1888 Mox
412 1820 620 1916 aPerpcrna
632 1815 802 1906 domnus,
816 1833 852 1890 et
864 1833 1004 1916 captus,
1018 1832 1054 1890 et
1064 1842 1130 1915 per
1141 1815 1361 1902 deditionem

280 1959 295 2012 7
314 1935 350 2002 iu
359 1931 507 2005 vinculis
518 1931 670 2006 babitus.
681 1931 842 2036 Aquilius
851 1936 994 2006 Asiatici
1005 1931 1091 2019 belli
1102 1931 1268 2032 reliquias
1278 1958 1360 2010 con·

313 2045 416 2140 fecit,
435 2051 551 2124 mixtis
572 2047 727 2145 (nefasl)
750 2074 887 2120 veneno
902 2045 1059 2128 lontibus
1078 2046 1125 2119 ad
1141 2045 1360 2129 deditionem

314 2161 551 2261 quarumdam
566 2162 720 2240 urbium.
738 2165 914 2255 Quaeres,
931 2177 972 2236 ut
989 2179 1184 2252 maturam,
1199 2165 1249 2236 ita
1264 2158 1358 2234 inla-

313 2303 409 2351 mem
426 2277 510 2350 fecit
523 2283 728 2354 victoriam:
745 2285 879 2380 quippe
897 2305 1008 2378 quum
1025 2295 1151 2352 contra
1166 2277 1220 2352 fas
1233 2275 1362 2369 deum,

251 2467 255 2486 ,
313 2417 502 2492 moresque
530 2393 724 2492 majorum,
749 2393 1044 2470 medicaminibus
1069 2397 1236 2493 impuris,
1261 2389 1360 2464 inid

312 2523 452 2608 tempus
468 2528 691 2584 sacrosancta
706 2514 868 2596 Romana
883 2535 983 2584 arma
997 2509 1170 2587 violasset.

347 2693 372 2760 4.
385 2694 460 2769 nepti
473 2697 610 2770 conpulsis.
625 2697 731 2771 Quippe
746 2697 815 2754 lilius
855 2697 919 2766 but,
937 2699 1071 2769 sequentis
1089 2697 1153 2751 unni
1170 2693 1280 2748 consule
1295 2695 1358 2746 Per-

311 2773 444 2828 Eumenis.
453 2777 544 2829 Testes
553 2777 607 2828 Liv.
619 2777 697 2844 XLV,
712 2795 757 2848 19,
772 2793 815 2840 103
856 2797 940 2850 perus
953 2795 1107 2831 successore
1116 2775 1153 2828 illi
1163 2773 1238 2836 dsto;
1249 2774 1276 2826 id
1286 2771 1359 2846 quod

311 2853 407 2907 lustin.
419 2855 545 2921 XXXVI,
558 2853 591 2922 4,
603 2858 634 2917 6;
648 2857 758 2929 Eutrop.
770 2859 814 2926 Ν,
856 2856 933 2910 cleris
946 2859 1032 2911 verbis
1049 2869 1161 2910 testetur
1171 2851 1303 2921 Velleius,
1320 2855 1359 2920 11,

314 2933 361 2996 25;
375 2949 401 2988 et
413 2934 472 2988 ulii:
486 2936 537 2987 nisi
550 2934 621 3007 quod
633 2934 765 3001 Velleius,
777 2935 815 3004 ll,
856 2937 889 3005 4,
903 2937 948 3007 qui
964 2935 1086 2990 eumdem
1102 2935 1225 2988 Crassum
1242 2949 1361 3007 procon-

311 3012 342 3080 4,
356 3030 378 3080 r,
393 3037 404 3062 ι
415 3015 569 3082 Mentimur,
580 3015 630 3080 uit,
641 3017 717 3086 regite
727 3015 815 3087 stirpis
857 3015 941 3070 sulem
952 3029 1045 3082 vocnt,
1058 3015 1198 3088 additque,
1210 3029 1240 3067 nt
1248 3020 1304 3088 jum
1313 3033 1361 3068 uo·

314 3095 495 3166 tunginum·
515 3125 550 3135 -
568 3093 711 3166 Myndum.
729 3097 817 3168 Oppi·
857 3097 1053 3161 tavitVinetus,
1063 3093 1237 3149 decedentem
1248 3115 1279 3148 ex
1288 3095 1358 3146 Asis.

310 3172 414 3240 durnin
427 3177 513 3228 Caris.
528 3177 685 3230 -Sumom
698 3175 815 3229 insulem
855 3175 984 3227 Ceterum
1012 3187 1106 3228 contre
1134 3175 1288 3238 Nurimum,
1313 3172 1360 3243 qui

311 3251 339 3302 ln
352 3254 420 3304 mari
431 3255 512 3324 AEgeo
527 3273 542 3307 e
556 3257 663 3325 regione
678 3257 768 3309 Curius.
779 3287 816 3296 -
855 3253 1090 3307 CrassumaFlom
1100 3251 1295 3324 proconsulem,
1304 3267 1360 3312 nou

312 3327 500 3401 Colophonem.
512 3334 610 3386 Urbem
624 3332 709 3406 Lydiae
722 3334 814 3408 paullo
855 3347 998 3404 pretorem
1015 3331 1164 3385 vocandum
1182 3331 1264 3382 luisse
1282 3341 1361 3402 putu·

312 3427 392 3481 supra
405 3409 548 3480 Ephesum.
855 3413 918 3480 but,
934 3425 1005 3465 recte
1024 3410 1102 3465 docet
1118 3413 1195 3463 Voss.
1213 3409 1247 3463 ad
1265 3406 1361 3461 Velleii

348 3486 373 3539 5.
392 3489 500 3542 Crassi...
520 3493 644 3562 proetoris.
662 3489 815 3562 Diligenter,
855 3491 873 3544 l.
889 3511 928 3560 c.,
944 3491 1113 3565 proconsulis
1130 3503 1155 3542 et
1169 3489 1361 3562 pretorispro·

312 3567 499 3640 inquitTms,
511 3571 614 3642 scripsit
621 3569 724 3636 Florus,
733 3591 813 3644 quum
856 3576 982 3625 misenam
993 3585 1050 3624 turn
1060 3569 1265 3645 appellationem
1272 3569 1360 3620 fuisse.

312 3646 435 3700 Crassum
446 3661 587 3719 pretorem
599 3651 744 3703 nominarit
755 3670 814 3703 eum
855 3681 891 3694 ·-
903 3653 954 3703 Itu.
966 3651 1045 3703 Sulm.
1061 3649 1166 3722 legebat
1180 3651 1235 3708 im,-
1250 3645 1287 3698 nil
1301 3661 1361 3696 mu·

313 3727 358 3797 qui
378 3745 449 3778 unno
468 3727 545 3782 Urbis
565 3728 617 3781 623
635 3729 730 3782 consul
747 3731 814 3782 fuit:
855 3729 977 3783 tendum.

313 3817 368 3856 tum
379 3817 468 3858 autem
479 3821 559 3880 quum
570 3807 604 3860 ab
611 3808 763 3860 Aristonico
774 3827 817 3861 ca·
891 3809 917 3863 6.
931 3807 1072 3883 Per-prema.
1084 3807 1134 3859 Hic
1144 3804 1249 3858 codices
1260 3800 1362 3854 rudent

313 3895 429 3952 peretur,
440 3883 473 3938 de
486 3887 620 3957 provincia
632 3887 689 3956 jum
703 3885 816 3939 decede·
856 3889 883 3941 in
896 3889 1048 3962 Perpenna,
1065 3887 1201 3960 Perpetua,
1214 3896 1262 3936 etc.
