3108 4956
443 454 587 518 LIBER
610 453 933 522 MEMORIALIS.
1149 453 1209 522 36ῐ

164 603 292 678 curgus
300 573 523 678 legumlator,
536 580 595 649 cui
607 569 869 650 Lacedaemonii
878 570 1056 676 principes
1066 577 1213 652 Graeciae

163 721 230 794 per
245 721 355 766 annos
371 710 506 793 septem
520 697 643 766 ²invisi
659 691 812 766 fuerunt.
826 690 1084 793 Theopompus
1099 711 1135 768 et
1146 700 1212 768 Po-

162 806 309 908 lydorus
326 811 457 908 Reges,
475 811 537 906 qui
553 809 768 880 Messeniam
784 803 919 879 bellum
933 808 1001 880 XX
1017 812 1116 881 annis
1132 835 1213 909 ges-

163 943 293 1000 serunt.
305 924 507 1025 Othryades
518 927 574 997 vir
582 922 746 1016 bellator,
760 928 821 1023 qui
832 926 998 998 Messinio
1011 925 1124 1016 bello,
1138 953 1214 1027 quo

164 1044 320 1132 centeni,
337 1039 395 1112 ³id
409 1056 476 1130 est,
491 1043 747 1139 quinquageni,
766 1056 1076 1130 concertaverunt,
1092 1059 1127 1114 et
1138 1058 1214 1114 tro-

164 1152 308 1253 phaeum
331 1179 394 1231 suo
413 1157 589 1253 ¹sanguine
615 1157 773 1253 scripsit,
797 1153 1012 1255 ⁴tertiusque
1038 1159 1215 1229 Messenio

164 1269 279 1362 betto,
306 1298 348 1344 ex
374 1269 519 1344 oraculo
547 1268 738 1369 Apollinis,
768 1270 839 1344 dux
864 1270 910 1345 ab
944 1271 1217 1346 Atheniensibus

165 1412 232 1485 per
247 1385 444 1458 ludibrium
463 1389 604 1474 missus,
626 1385 828 1484 ⁵poenateas
847 1402 947 1475 vota,
968 1385 1122 1458 militnm
1141 1389 1217 1458 ani·

164 1527 243 1574 mos
263 1506 473 1592 concitavit,
495 1517 631 1573 uttam
655 1500 861 1575 diuturnum
883 1500 1045 1602 praelium
1066 1505 1217 1577 victoria

166 1631 466 1688 consummarent.
480 1613 672 1706 Leonidas,
688 1615 759 1687 dux
776 1620 914 1689 Persico
928 1614 1040 1707 bello,
1056 1620 1118 1717 qui
1134 1643 1219 1690 cum

165 1733 331 1802 trecentis
342 1730 620 1802 Lacedaemoniis
633 1729 730 1829 apud
743 1728 1004 1830 Thermopylas
1016 1747 1129 1804 totam
1143 1735 1218 1804 vim

166 1846 297 1916 Persici
311 1842 397 1916 belli
411 1861 528 1918 morte
542 1871 605 1917 sna
619 1869 660 1916 ac
675 1871 822 1918 suornm
833 1845 998 1920 obtinuit.
1012 1849 1220 1937 Pausanias,

163 1963 229 2057 qui
244 1962 383 2032 Persico
399 1957 495 2034 bello
512 1959 743 2034 Mardonium
763 1959 974 2059 praefectum
992 1963 1116 2034 Xerxis
1134 1987 1218 2033 cum

165 2072 387 2172 pedestribus
408 2079 521 2176 copiis
540 2076 637 2176 apud
656 2079 817 2177 Asopum
836 2081 982 2152 Boeotia
1000 2077 1134 2150 flumen
1153 2075 1219 2148 de-

166 2185 329 2262 bellavit:
347 2215 431 2262 mox
444 2189 658 2290 proditionis
673 2219 694 2264 a
708 2218 792 2292 rege
801 2209 982 2292 suspectus
993 2190 1112 2265 ⁶idem
1122 2194 1218 2264 Mar·

166 2303 310 2394 donius,
328 2305 483 2406 ideoque
495 2322 693 2398 accusatus,
706 2312 743 2379 in
757 2307 894 2408 asylum
907 2312 1077 2381 Minervae
1091 2306 1218 2380 confu-

166 2419 236 2514 git,
265 2434 300 2490 ct
324 2417 374 2490 ibi
403 2416 499 2492 fame
525 2418 708 2494 conlectus
734 2437 796 2494 est.
823 2421 1008 2495 ⁷Leander
1035 2420 1127 2511 dux,
1155 2424 1218 2520 qui

167 2530 412 2606 dominantem
426 2550 503 2608 toto
520 2541 611 2609 mari
626 2535 772 2610 classem
785 2540 940 2641 Atticam
956 2537 1075 2637 ⁸apud
1091 2539 1219 2638 AEgeos

167 2651 302 2744 primns
320 2655 511 2748 oppressit,
532 2669 568 2725 et
584 2657 686 2726 victis
698 2652 969 2728 Atheniensibus
982 2655 1085 2727 XXX
1098 2669 1221 2752 tyran-

167 2785 231 2834 nos
250 2766 430 2860 imposuit.
449 2765 692 2867 Xanthippus,
703 2774 762 2842 'vir
775 2770 1130 2844 Lacedaemoniorum
1144 2763 1221 2838 for-

167 2880 335 2974 tissimus,
355 2884 417 2979 qui
432 2879 527 2956 bello
545 2888 679 2957 Punico
695 2891 853 2984 9primus
871 2882 1220 2983 Carthaginiensibus

206 3129 330 3186 alachi.
339 3131 505 3186 Fortinnisa'.
513 3135 672 3188 Perizonius.
714 3134 823 3202 claudo,
849 3137 937 3188 Wau.
960 3133 1083 3187 Heinsius
1108 3131 1220 3205 putabat

205 3207 230 3260 3.
238 3209 274 3260 Id
278 3221 321 3264 est.
330 3211 443 3265 Videtur
449 3211 577 3266 excidisse
584 3215 675 3267 utrim-
714 3215 794 3267 etiam
806 3212 941 3268 emendari
950 3232 1030 3286 posse
1038 3227 1192 3285 preaaesuo.

169 3305 231 3360 que,
245 3304 307 3344 anta
320 3293 509 3367 quiaquaqeni.
523 3295 604 3349 Perit.
750 3291 775 3345 6.
783 3294 858 3348 [dem
867 3293 1030 3346 Mardonius.
1041 3289 1106 3345 Dele
1116 3289 1220 3342 Mardo-

192 3369 217 3436 4.
226 3367 385 3446 Tereusque.
395 3373 568 3448 Tyrtoemque.
577 3376 675 3428 Menas.
715 3375 789 3426 nitu:
801 3375 852 3426 nisi
866 3375 991 3426 erraverit
1004 3373 1061 3444 ipse
1072 3369 1219 3442 Ampelius.

169 3444 278 3501 tracen.
295 3449 396 3505 Lacon.
410 3453 461 3520 xl,
475 3471 504 3518 ²3
521 3457 675 3508 Berneccer.
714 3455 784 3507 Nam
793 3451 848 3506 hec
863 3453 1015 3506 acciderunt
1023 3451 1164 3503 Pausaniae.
1175 3452 1221 3502 Pe-

171 3524 206 3578 ad
217 3527 312 3581 lustin.
325 3531 396 3595 cxl,
412 3531 441 3596 53
456 3531 547 3586 Heius.
565 3531 600 3584 ad
613 3531 640 3583 h.
655 3530 673 3588 l.
714 3535 758 3588 ria.
775 3535 882 3588 branse
897 3531 1049 3606 Ampelium
1064 3532 1143 3584 etiam
1159 3529 1217 3582 On·

169 3605 263 3660 Wasc
272 3607 556 3682 adsalutasugmt,
565 3613 675 3676 etBent·
715 3612 844 3686 dendorp.
858 3612 893 3665 ad
907 3612 1006 3686 Obseq.
1019 3632 1043 3666 c.
1058 3611 1118 3675 CX,
1133 3621 1220 3681 putat.

169 3687 215 3742 tei.
226 3688 260 3742 ad
271 3693 363 3744 Horat.
378 3693 434 3744 Art.
446 3707 519 3764 poet.
531 3693 598 3760 402:
612 3693 675 3765 Tyr·
714 3691 781 3745 Mihi
794 3711 848 3745 non
861 3691 1009 3746 verosimile
1019 3689 1130 3744 videtur.

170 3779 244 3837 tatu,
264 3773 325 3844 qui,
344 3773 460 3826 Perizon.
475 3773 533 3826 Hoc
548 3773 675 3846 praetem
751 3789 776 3843 7.
788 3769 913 3824 [eunden
924 3768 1065 3842 hunda.
1078 3768 1156 3820 Peri!-

169 3866 233 3901 nam
247 3848 310 3904 hinc
325 3869 393 3903 nova
407 3850 534 3922 periodus
547 3851 675 3906 inchoan·
752 3855 776 3907 8.
798 3852 880 3925 Apud
900 3851 995 3925 Epeos
1012 3850 1120 3922 primm.
1142 3845 1223 3920 Apud

170 3926 205 3996 da
216 3927 329 3983 videtur.
715 3933 796 4004 AEpos
809 3943 946 4003 potamon.
965 3927 1047 3982 idem.
1064 3925 1117 3982 sed
1136 3927 1221 3980 latini

207 4006 387 4064 sareanen
401 4021 470 4064 vota.
487 4012 613 4064 Poemate
629 4030 676 4064 suo
715 4011 773 4064 lere
794 4009 893 4082 ubique
920 4009 1002 4080 AE'qos
1017 4006 1138 4084 flumen,
1165 4025 1222 4064 nott

171 4088 217 4142 ita.
230 4090 328 4144 Meua.
339 4092 428 4144 licius.
439 4091 555 4143 Perinon.
567 4102 593 4143 et
603 4092 677 4144 Bent-
717 4091 798 4165 AEqos
809 4101 937 4163 potamon
951 4087 1052 4141 dicunt.
1146 4131 1149 4140 .

171 4163 214 4218 lei.
224 4168 347 4223 Poemate
354 4182 424 4223 noto.
433 4169 509 4222 Bern.
520 4168 587 4222 Pede
593 4168 675 4224 altero
752 4189 777 4241 9.
790 4173 902 4226 Primus.
916 4159 1122 4242 Meliodprimc'
