3102 4942
389 476 694 544 TESTIMONIA
718 478 778 542 ET
799 477 1008 542 JUDlGlA.
1176 481 1217 546 25

177 601 358 682 eloquentiae
368 621 496 661 navasse
505 621 645 684 operam,
657 613 693 661 ut
704 601 758 683 qui
768 599 870 660 Porcii
878 601 1021 662 Latronis
1033 599 1218 683 discipulus,

178 710 282 781 postea
295 699 361 780 ipse
377 696 570 758 declamavit.
583 739 610 776 .,
621 739 1220 765 ...............................

215 796 371 877 Superest,
389 806 425 853 ut
439 793 608 869 nonnulla,
621 814 691 876 quae
707 795 742 852 in
760 781 971 868 Quaestionum
987 794 1075 856 libris
1089 795 1221 878 sparsim

176 893 354 971 tetigeram,
373 889 424 950 bic
442 892 530 970 quasi
547 891 603 950 sub
620 911 720 950 unum
736 887 912 969 adspectum
929 910 947 950 a
962 912 1012 952 me
1030 891 1219 973 redigantur,

177 989 386 1070 ea,¹inquam,
403 1009 440 1047 ex
455 988 569 1069 quibus
581 987 700 1064 redeat,
715 997 821 1047 nostra
835 985 872 1046 de
883 986 976 1049 Floro
989 987 1114 1071 ejusque
1126 1011 1220 1072 opere

176 1087 343 1163 sententia,
360 1087 394 1146 in
412 1105 507 1167 quam
518 1106 584 1146 non
598 1086 659 1146 nisi
676 1084 866 1165 argumentis
882 1085 1021 1164 proxime
1036 1085 1077 1146 ad
1085 1089 1220 1150 veritatis

176 1183 277 1244 lucem
287 1182 501 1244 accedentibus
517 1183 651 1244 convicti
667 1179 897 1255 descendimus,-
911 1193 1047 1262 recepta,
1061 1181 1141 1242 nihil
1153 1181 1220 1264 jam

177 1279 244 1342 fore
254 1283 288 1342 in
302 1294 488 1364 perpurgato
502 1278 564 1340 hoc
576 1279 741 1360 scriptore,
758 1279 807 1337 cui
819 1297 884 1337 non
896 1275 950 1336 lux
961 1278 1103 1358 quaedam
1118 1278 1220 1340 affun-

176 1377 276 1454 datur,
287 1400 351 1460 quo
365 1381 434 1461 ipso
446 1377 513 1438 haec
524 1375 574 1435 vel
587 1376 720 1436 maxime
730 1374 915 1457 probabitur
926 1370 1045 1458 opinio.
1057 1377 1076 1434 J
1078 1397 1129 1436 am
1140 1379 1221 1438 euim

176 1496 260 1536 nune
277 1489 363 1558 patet
376 1477 474 1536 totius
493 1473 595 1554 operis
613 1470 831 1554 chronologica
850 1472 946 1548 ratio,
962 1485 993 1533 et
1004 1471 1154 1533 liberatur
1169 1494 1222 1534 su·

174 1584 243 1632 ator
252 1593 270 1630 a
279 1571 427 1632 conviciis
438 1571 625 1645 innumeris,
637 1569 748 1652 quibus
759 1591 815 1652 per
825 1582 873 1630 tot
885 1567 994 1630 saecula
1008 1591 1026 1630 a
1038 1569 1222 1632 doctissimis

175 1668 289 1728 criticis
301 1667 537 1748 discerpebatur.
549 1668 675 1749 Liquet,
689 1667 771 1727 unde
782 1665 879 1750 stylus
889 1664 964 1728 binc
976 1666 1075 1743 illinc,
1088 1680 1124 1727 ut
1134 1688 1221 1752 paene

175 1785 284 1826 omnes
302 1776 477 1840 senserunt,
495 1775 649 1824 oratorem
667 1775 698 1824 et
713 1777 838 1846 poetam
856 1763 971 1846 magis,
985 1786 1080 1850 quam
1097 1763 1221 1826 histori-

174 1883 248 1922 cum
262 1863 377 1943 sapiat;
389 1881 445 1922 nec
460 1873 580 1936 tamen,
597 1859 706 1937 crede,
721 1859 786 1942 jam
798 1861 935 1922 Graevius
952 1861 990 1922 dc
1000 1859 1141 1944 pauculis
1151 1883 1219 1922 sen·

174 1959 277 2020 tentiis
296 1959 382 2020 litem
400 1959 481 2020 ultra
501 1970 657 2035 moveret,
678 1957 894 2034 considerans,
912 1957 989 2041 quid
1008 1959 1080 2020 talis
1099 1959 1220 2024 tabellae

173 2055 327 2119 historicas
349 2069 461 2117 natura
481 2069 602 2139 poscat,
624 2057 651 2116 si
670 2055 819 2138 plurimas
839 2057 916 2116 boni
936 2055 1074 2116 historici
1095 2059 1220 2118 virtutes

175 2157 309 2238 assequi,
320 2153 516 2236 jejunitatem
528 2175 655 2217 omnem
668 2167 761 2237 atque
775 2153 952 2214 ariditatem
967 2175 1052 2236 aque
1065 2176 1100 2214 ac
1112 2154 1221 2216 obseu-

174 2253 296 2312 ritatem
311 2254 346 2311 in
356 2266 443 2313 tanta
456 2253 604 2314 brevitate·
616 2249 752 2334 effugere
763 2251 846 2312 velis.
860 2253 897 2312 ln
911 2273 998 2312 suam
1014 2251 1151 2313 formam
1163 2273 1222 2312 res·

174 2346 284 2407 titutus
298 2348 423 2425 Florus,
438 2370 503 2410 non
521 2351 578 2410 erit
594 2348 726 2431 amplius
744 2350 900 2430 magistris
915 2348 1152 2426 formidolosus,
1168 2349 1220 2410 sed

174 2446 309 2506 securius
319 2443 485 2528 juvenibus
498 2449 531 2507 in
543 2467 655 2507 manus
666 2445 814 2523 tradetur,
831 2469 897 2509 non
911 2447 1025 2524 modo,
1040 2459 1075 2508 ut
1090 2469 1126 2508 ex
1142 2449 1221 2508 anti·

174 2544 242 2624 quis
255 2544 390 2626 optimus
399 2543 533 2606 historiae
543 2546 691 2606 Romanae
700 2555 731 2606 et
741 2545 1005 2628 ingeniosissimus
1015 2545 1219 2621 abbreviator,

174 2659 279 2700 verum
291 2643 402 2718 etiam,
413 2654 448 2702 ut
459 2662 559 2702 aureae
570 2641 730 2702 latinitatis
747 2641 856 2703 artifex
874 2653 904 2702 et
919 2643 1119 2723 ingeniorum
1132 2639 1220 2722 juve·

175 2735 285 2798 uilium
299 2739 473 2821 praecipuus
492 2738 711 2800 exstimulatur.
731 2741 928 2823 Quamquam
945 2761 1020 2821 ego,
1033 2737 1118 2821 quod
1134 2737 1219 2800 salvo

174 2831 309 2894 aliorum
322 2835 440 2918 judicio
458 2835 606 2912 dixerim,
627 2837 668 2896 sic
684 2836 842 2897 existimo:
858 2836 1003 2911 Florum,
1016 2856 1116 2918 quum
1130 2836 1220 2895 istam

174 2950 263 2990 suam
274 2932 396 3012 imperii
407 2933 542 2993 Romani
553 2933 721 3014 imaginem
734 2935 951 3007 concinnaret,
962 2953 1030 2992 non
1041 2951 1154 3012 pueros
1165 2930 1222 2990 sibi

174 3040 299 3087 tantum
319 3026 531 3102 scholasticos,
553 3029 668 3088 discere
688 3032 864 3090 Romanam
882 3027 1047 3088 historiam
1066 3026 1222 3102 volentes,

174 3123 225 3184 sed
238 3123 322 3183 viros
333 3143 461 3204 quoque
472 3129 506 3182 in
519 3122 646 3182 historia
659 3123 808 3204 principis
820 3122 930 3206 populi
945 3122 1113 3183 diutissime
1124 3144 1221 3184 versa·

175 3233 236 3296 tos,
249 3218 378 3280 lectores
388 3229 460 3280 ante
475 3217 582 3280 oculos
593 3221 742 3300 posuisse.
757 3221 818 3280 Nec
830 3221 914 3281 enim
926 3239 1076 3302 umquam
1088 3232 1168 3282 recte
1183 3220 1221 3280 de

174 3313 265 3398 hujus
283 3317 384 3399 operis
402 3315 550 3392 artificio,
569 3316 629 3376 nisi
645 3317 684 3376 ab
701 3315 836 3377 historiae
851 3318 1059 3400 peritissimis,
1070 3313 1221 3399 judicabi-

174 3425 233 3474 tur.
252 3414 399 3474 Invitabit
413 3414 480 3496 jam
498 3413 604 3497 plures
624 3412 662 3474 ad
681 3435 712 3474 se
731 3416 890 3477 convictor
909 3415 1039 3492 Tiberii,
1059 3435 1219 3497 quousque

174 3509 276 3572 bonan
286 3523 364 3588 erat,
374 3525 405 3573 et
417 3511 537 3572 Horatii
549 3509 719 3572 familiaris.
731 3513 832 3574 Rebus
842 3533 916 3572 vero
929 3513 1057 3594 Augusti
1069 3513 1219 3573 aestiman-

174 3606 221 3667 dis
235 3619 309 3667 teste
319 3611 514 3671 coaevoaucti
523 3631 643 3688 sumus,
655 3631 768 3691 eoque,
779 3623 933 3693 quantum
947 3611 1089 3693 equidem
1104 3611 1217 3684 sentio,

175 3725 276 3788 neque
291 3705 337 3765 ira
353 3721 516 3789 corrupto,
534 3720 634 3791 neque
650 3709 750 3769 nimio
767 3707 878 3770 studio.
895 3709 1049 3790 Quodque
1065 3709 1155 3768 nobis
1169 3709 1218 3768 in-

175 3803 281 3882 primis
297 3817 477 3887 exoptatum
487 3827 549 3868 esse
569 3806 676 3882 debet,
692 3807 901 3888 antiquiorem
920 3820 1008 3888 pane
1023 3806 1139 3866 caeteris
1156 3805 1218 3864 Ro-

176 3901 274 3960 menis
286 3901 447 3976 omnibus,
459 3917 583 3985 excepto
595 3903 725 3979 Caesare,
738 3902 775 3962 de
787 3903 878 3964 rebus
891 3903 1079 3963 Germanicis
1088 3903 1217 3983 scripto-

176 4013 244 4054 rem
254 3999 480 4079 acquisivimus.
495 3999 621 4062 Glarum
631 3997 697 4079 jam
709 4021 793 4061 nunc
804 3998 856 4076 fit,
873 4020 928 4060 cur
944 4002 976 4060 in
993 3998 1057 4080 ejus
1073 4020 1164 4082 opere
1178 3998 1218 4056 de

176 4095 325 4156 Senectute
334 4098 441 4181 populi
451 4099 586 4160 Romani
596 4097 681 4160 nulla
693 4099 824 4174 menti03
837 4119 933 4180 quare
944 4110 1105 4161 nutantem
1117 4095 1218 4157 adhuc
