3160 4948
570 561 714 626 LIBER
736 561 958 629 TERTIUS.
1222 566 1286 651 249

218 761 222 770 ,
240 686 364 786 bisque
380 710 571 784 possessor,
587 683 720 760 laribus
737 711 778 759 ac
796 684 885 759 focis
903 689 973 759 suis
991 681 1183 778 exsularet,
1201 711 1285 786 qua·

242 826 394 901 cumque
410 815 546 890 mente,
560 807 635 878 rem
652 825 755 874 ausus
771 809 962 900 ingentem.
980 804 1172 902 Postquam
1186 827 1287 901 roga·
1303 817 1320 886 4

241 919 345 991 tionis
362 914 593 1007 dissederat,
609 920 743 1016 ingenti
758 921 905 1016 stipatus
920 920 1060 1017 agmine
1076 933 1191 990 rostra
1203 942 1286 989 con·

241 1029 393 1105 scendit!
409 1055 475 1105 nec
490 1029 613 1104 deerat
625 1031 731 1104 obvia
743 1057 853 1104 manu
865 1046 941 1105 tota
957 1029 1041 1104 inde
1054 1029 1235 1122 nobilitas,
1251 1047 1287 1103 et

241 1145 392 1220 Tribuni
415 1147 453 1218 in
476 1143 646 1245 partibus.
673 1145 744 1220 Sed
766 1145 828 1220 ubi
851 1145 1131 1221 intercedentem
1151 1144 1320 1246 legibus⁵

242 1264 311 1334 suis
327 1262 471 1334 Cnaeum
483 1262 673 1334 Octavium
686 1259 784 1334 videt
798 1255 997 1352 Gracchus,
1010 1277 1134 1335 contra
1149 1260 1202 1336 fas
1216 1261 1287 1335 col·
1351 1349 1354 1362 Ι

241 1375 342 1476 legii,
364 1377 422 1476 jus
448 1381 649 1476 potestatis,
674 1376 804 1477 injecta
825 1403 954 1467 manu,
983 1376 1120 1477 depulit
1146 1383 1286 1467 rostris3

243 1469 405 1592 adeoque
418 1495 598 1592 praesentis
614 1506 712 1565 metu
725 1496 849 1565 mortis
865 1497 1049 1585 exterruit,
1066 1511 1106 1568 ut
1120 1491 1287 1568 abdicare

243 1635 280 1682 se
293 1611 500 1707 magistratu
514 1625 717 1709 cogeretur:
731 1611 780 1680 sic
796 1611 959 1684 triumvir
970 1625 1108 1682 creatus
1122 1609 1287 1683 dividen-
1305 1623 1323 1676 6

245 1722 299 1800 dis
312 1726 413 1824 agris.
432 1725 556 1816 Quum
570 1721 618 1796 ad
629 1722 871 1822 perpetranda
887 1719 1025 1824 c'oepta,
1049 1722 1108 1798 die
1128 1728 1290 1798 comitio·

244 1864 343 1929 rum,
357 1841 544 1938 prorogari
559 1836 626 1912 sibi
638 1835 745 1911 vellet
763 1841 969 1937 imperium,
990 1835 1096 1914 obvia
1114 1837 1289 1914 nobilium

244 1981 370 2045 manu,
392 1980 606 2056 eorumque,
628 1981 717 2056 quos
736 1960 827 2056 agris
843 1971 1024 2048 moverat,
1040 1954 1153 2048 caedes
1170 1982 1191 2029 a
1206 1955 1288 2030 loro

245 2076 363 2170 coepit.
374 2070 462 2145 Inde
478 2096 591 2171 quum
603 2073 641 2144 in
655 2070 873 2170 Capitolium
887 2070 1117 2170 profugisset,
1134 2070 1290 2170 plebem·
1306 2112 1323 2168 7

245 2213 314 2288 que
327 2186 373 2260 ad
385 2185 629 2262 defensionem
647 2185 766 2260 salutis
780 2213 867 2279 suar,
884 2213 993 2260 manu
1005 2202 1113 2286 caput
1125 2203 1288 2286 tangens,

244 2299 460 2393 hortaretur,
477 2302 628 2403 praebuit
642 2304 797 2401 speciem
817 2327 966 2402 regnum
986 2301 1054 2374 sibi
1071 2318 1107 2376 et
1124 2301 1290 2375 diadema

244 2419 439 2516 poscentis3
453 2431 560 2518 atque
576 2420 643 2509 ita,
658 2415 749 2490 duce
763 2418 930 2516 Scipione
948 2419 1093 2507 Nasica,
1111 2421 1289 2520 concitato
1333 2442 1335 2448 ·

246 2534 283 2605 in
297 2557 396 2608 arma
411 2531 563 2632 populo,
579 2537 677 2632 quasi
688 2532 770 2633 jure
789 2557 978 2633 oppressus
995 2547 1056 2604 est.

282 2763 308 2818 3.
331 2765 445 2820 Rem...
465 2766 604 2842 inspectent.
622 2769 743 2823 Tiberius
825 2768 850 2821 6.
873 2769 955 2823 obvia
967 2767 1093 2822 notitiam
1107 2785 1197 2820 manu.
1212 2765 1292 2818 Mini-

246 2844 383 2898 Greccbus
395 2845 548 2917 complures
563 2846 634 2920 leges
649 2850 750 2903 nobili·
762 2907 765 2916 Α
789 2867 832 2902 me
841 2859 916 2920 grata
926 2862 966 2902 est
974 2847 1027 2900 hoc
1038 2847 1192 2917 assequenti
1203 2847 1291 2916 capite

247 2925 297 2976 teti
311 2922 435 2977 adversas
446 2924 524 2977 tulitr
536 2926 586 2980 sed
595 2927 691 2982 Florus
705 2927 749 2982 bic
788 2925 942 2979 eorumdem
956 2925 1100 2979 verborum
1111 2925 1249 2995 repetitio,
1260 2941 1291 2976 ex

248 3005 303 3074 egit
315 3002 349 3056 de
362 3002 421 3074 lege
431 3007 548 3074 agraria,
564 3025 599 3058 ne
613 3011 673 3078 quie
689 3009 749 3080 plus
790 3004 887 3076 quibus
899 3003 959 3056 loca
975 3015 1101 3074 comupta
1117 3019 1175 3055 esee
1190 3000 1291 3074 proba·

248 3081 398 3155 quingente
405 3083 502 3152 jugere
514 3085 570 3154 egri
586 3085 750 3155 possideret,
789 3082 844 3135 bile
854 3096 908 3150 eet,
918 3083 965 3136 sed
973 3081 1100 3154 sequendi
1107 3093 1169 3133 eunt
1178 3078 1247 3134 libri.
1256 3109 1292 3122 -

248 3161 751 3296 ttt⁰itttttt“ttttt‘³¹³¹¹'⁰⁵·
790 3159 1107 3313 ⁸3”“tiitt”¹“tt„.
1121 3257 1229 3314 ga...
1244 3239 1293 3292 aa

284 3319 309 3388 4.
332 3319 413 3373 Obvia
426 3337 519 3372 manu.
531 3319 651 3392 Nempe,
665 3333 695 3376 ut
710 3321 751 3373 vi·
790 3333 816 3374 et
827 3319 948 3373 diadema
958 3261 1094 3392 postdeentis.
1107 3320 1168 3372 Erec
1180 3331 1236 3371 erar
1247 3335 1293 3370 ce·

250 3397 342 3466 detur,
364 3398 458 3452 ederet
478 3397 577 3468 obvie,
598 3401 751 3468 cannas-ia,
790 3399 891 3452 lumnie
908 3413 1024 3452 senatus.
1037 3429 1071 3442 -·
1085 3401 1166 3471 Quasi
1168 3401 1232 3471 jure
1244 3413 1292 3471 op-

250 3477 380 3532 nobilium
396 3477 485 3533 turbe.
503 3481 587 3531 Porro
601 3479 656 3532 bec
670 3480 751 3533 verbe
787 3478 1291 3554 pnesmert.anninn,EspritdedHis·

250 3560 352 3630 ingrata
370 3558 495 3631 quidem,
512 3558 627 3614 delenda
646 3563 751 3616 censuit
790 3561 867 3624 taire,
888 3557 961 3612 lettre
977 3559 1046 3616 XIV
1051 3582 1060 3614 .·
1078 3560 1146 3614 «Les
1165 3559 1293 3633 thcques

249 3637 362 3692 Tollius.
790 3640 927 3694 voulnient
945 3661 998 3694 une
1014 3640 1173 3708 revolution,
1196 3658 1225 3692 ce
1243 3659 1293 3712 que

286 3715 311 3770 5.
330 3717 543 3770 intercedentem.
556 3720 669 3792 Proprie
681 3739 749 3787 vox,
788 3740 915 3796 monne
926 3722 968 3774 n¹a
982 3721 1007 3775 le
1017 3723 1083 3774 droit
1095 3723 1127 3774 de
1141 3719 1252 3785 vouloir,
1264 3737 1293 3772 ce

250 3795 279 3848 id
290 3807 345 3863 eet,
363 3797 544 3862 resistentem,
559 3813 702 3852 retentem.
714 3829 751 3842 -
790 3801 837 3874 qui
847 3801 913 3854 dans
923 3819 960 3854 un
974 3803 1028 3853 etat
1038 3800 1167 3853 consata!
1175 3798 1231 3851 doit
1241 3798 1293 3850 doe

253 3876 360 3928 cneum
372 3874 516 3930 Octauium·
527 3876 636 3946 Cicero,
647 3881 750 3946 livius,
791 3899 828 3932 un
837 3881 906 3933 ande
914 3879 947 3932 de
955 3887 1041 3931 mort.-
1055 3877 1080 3932 le
1089 3877 1146 3930 leur
1153 3879 1217 3930 etate
1225 3877 1293 3931 doec

250 3953 415 4026 Appianae,
443 3951 600 4010 Plutarchus
630 3959 750 4012 Marcum
788 3960 922 4031 prouoco&
933 3976 984 4028 par
1001 3956 1029 4010 la
1047 3955 1097 4021 loi,
1114 3974 1165 4028 por
1178 3954 1203 4009 le
1220 3957 1292 4024 bien,

252 4051 406 4105 prenomen
417 4035 527 4087 Octavio
536 4039 753 4106 potsunt-core
790 4057 840 4110 par
860 4036 878 4090 Γ
878 4037 952 4090 ordre
969 4035 1068 4108 public.
1088 4032 1118 4088 ΙΙ
1136 4053 1169 4088 ne
1183 4035 1232 4107 fut
1244 4053 1294 4109 pas

252 4111 753 4188 oafascolleqii.0ctavinsenimGrao·
791 4113 1294 4190 exdcntdpardesmoyensllgeuafflar·

253 4189 591 4266 chicollega.-·Triumuir.
601 4196 752 4252 Aliitrium·
792 4195 1024 4269 negdeca-memes
1039 4197 1145 4249 avaient
1161 4195 1241 4248 rendu
1254 4212 1294 4246 ces

255 4271 356 4328 virano.
794 4275 1292 4350 moyensimpossiblesrparoequ'eutmu·
1324 4288 1328 4309 t
