3156 4950
544 487 686 554 LIBER
708 485 930 554 TERTIUS.
1194 495 1256 558 225

266 616 389 688 Onaeus
410 614 551 684 interim
571 613 721 709 Magnus
744 607 892 682 rebelles
911 611 1000 681 Asiae
1022 608 1187 708 reliquias
1205 640 1260 685 se-
1275 639 1307 694 27

219 755 351 827 quenS,
378 749 449 825 per·
468 725 604 799 diversa
627 729 786 825 gentium
808 741 1053 823 terrarumque
1075 723 1258 800 volitabat.

218 843 309 914 Nam
323 841 388 915 sub
406 844 592 915 Orientem
612 857 752 912 secutus
772 841 973 928 Armenios,
996 844 1106 937 captis
1125 844 1162 912 in
1182 846 1260 940 ipso

220 963 335 1056 capite
353 961 465 1056 gentis
485 959 679 1045 Artaxatis,
700 951 898 1054 supplicem
912 955 1013 1054 jussit
1033 973 1182 1055 regnare
1201 961 1262 1028 Ti·

220 1097 376 1170 granem.
400 1073 446 1142 At
466 1075 504 1142 in
524 1072 823 1168 septemtrionem
843 1067 1047 1168 Scythicum
1067 1074 1149 1161 iter,
1170 1088 1262 1144 tam·
1279 1079 1312 1132 28

221 1213 328 1285 quam
342 1189 378 1257 in
391 1189 499 1275 mari,
514 1183 621 1257 stellis
633 1200 786 1272 secutus,
802 1180 954 1257 Colchos
967 1183 1095 1257 cecidit
1103 1214 1112 1274 ;
1127 1190 1263 1285 ignovit

221 1300 364 1389 lheriae;
378 1305 539 1398 pepercit
553 1297 716 1386 Albanis,
734 1323 925 1397 regemque
939 1295 1071 1370 horum
1084 1299 1262 1391 Orodem,

221 1419 343 1513 positis
354 1413 418 1486 sub
430 1419 507 1511 ipso
521 1414 679 1485 Caucaso
692 1417 829 1501 castris,
842 1411 943 1511 jussit
953 1416 991 1484 in
1000 1411 1107 1510 plana
1121 1413 1264 1488 descen-

223 1527 326 1616 dere;
342 1526 541 1616 Artbocen,
558 1529 617 1625 qui
630 1525 738 1600 Iberis
750 1525 965 1624 imperabat,
979 1543 1014 1599 et
1028 1525 1167 1600 obsides
1178 1527 1265 1602 libe-

224 1668 282 1716 ros
308 1641 403 1715 dare.
428 1642 590 1716 Orodem
614 1647 721 1716 etiam
742 1658 986 1715 remuneratus
1011 1659 1077 1734 est,
1101 1642 1195 1716 ultro
1220 1645 1265 1718 ab

224 1754 373 1830 Albania
386 1784 447 1830 sua
458 1757 626 1831 lectulum
639 1783 801 1847 aureum,
817 1773 852 1830 et
863 1755 932 1830 alia
947 1756 1041 1830 dona
1054 1761 1264 1832 mittentem.

224 1874 297 1946 Nec
308 1899 380 1945 non
390 1889 425 1945 et
434 1878 471 1945 in
480 1873 669 1947 Meridiem
679 1899 780 1945 verso
792 1871 1132 1972 agmine,Libanum
1141 1875 1265 1972 Syriae,
1285 1901 1318 1953 29

224 1989 507 2087 Damascumque
524 2005 770 2088 transgressus,
788 2013 853 2086 per
868 2013 1016 2059 nemora
1028 1985 1087 2058 illa
1101 1987 1266 2078 odorata,

225 2127 291 2198 per
305 2105 392 2173 turis
407 2117 443 2174 et
454 2099 602 2174 balsami
618 2099 738 2192 silvas,
755 2103 917 2172 Romana
931 2098 1145 2171 circumtulit
1158 2104 1266 2199 signa.

225 2215 377 2305 Arabes,
398 2221 426 2287 si
448 2215 535 2316 quid
557 2221 765 2315 imperaret,
787 2231 915 2313 praesto
935 2215 1044 2288 luere.
1062 2215 1270 2317 Hierosoly·
1286 2229 1321 2284 30
1389 2305 1394 2317 x

226 2357 323 2402 mam
337 2329 528 2403 defendere
540 2347 720 2404 tentavere
731 2331 750 2399 J
755 2327 862 2434 udaei:
879 2355 1005 2400 verum
1019 2327 1110 2402 hanc
1127 2357 1270 2432 quoque

228 2451 387 2538 intravit,
409 2463 445 2519 et
462 2446 552 2520 vidit
571 2445 659 2519 illud
676 2445 811 2547 grande
832 2449 950 2544 impiae
971 2451 1083 2546 gentis
1101 2474 1267 2522 arcanum

229 2705 327 2740 veneno
344 2690 472 2760 spiritum.
492 2691 604 2757 linctus,
621 2690 731 2743 Mistea·-
772 2690 824 2762 cipi
842 2704 956 2761 possunt
971 2687 1004 2741 de
1019 2678 1180 2741 Colchorum
1196 2705 1272 2758 rege,

229 2767 302 2832 date,
317 2781 373 2820 octe
388 2769 425 2832 V,
440 2771 513 2822 sedne
528 2767 559 2820 5:
771 2786 850 2838 quam
864 2767 898 2819 de
909 2786 971 2838 rege
984 2767 1161 2834 Albanorum,
1176 2767 1272 2837 quibus

272 2897 277 2908 ‚
454 2900 459 2910 ¹
496 2900 501 2910 ¹
771 2846 1272 2918 Pompeiuapepercit.—1nplanade·

233 2893 292 2937 Vara
300 2899 468 2997 {mam
476 2897 521 2946 ’Μ’
532 2911 591 2953 ‘³¹⁴⁰'
599 2912 623 2939 α’
633 2903 682 2951 “⁰⁹
741 2975 747 2986 ,
771 2927 895 2980 accudere.
909 2927 950 2977 Ne
961 2925 1082 2977 videlicet
1094 2925 1189 2978 fiducia
1198 2945 1274 2978 mon-

233 3014 314 3056 Ctmtre
323 3021 371 3057 tous
381 3017 505 3072 terpsicore
515 3017 619 3071 snt'qtteux
628 3015 655 3056 de
664 3028 697 3056 me
773 3007 839 3056 tium
855 3003 1003 3055 rebellaret.
1020 3004 1057 3054 lta
1074 3005 1176 3055 fuctum
1192 3021 1273 3076 supra

246 3140 276 3154 Η
311 3074 431 3134 de‘feadre,
497 3141 502 3150 ,
576 3137 587 3152 ..
702 3141 706 3151 Ι
772 3082 1210 3154 ll,3,15;etinfralV,12,59.

251 3153 266 3180 ‘⁸
312 3154 325 3180 r
341 3154 355 3180 ¹⁴
601 3151 616 3178 '²
653 3151 716 3180 '‘⁹⁶''
808 3163 850 3215 30.
862 3161 1274 3234 Viditilludqraadct'mpiaeqen-

772 3241 804 3294 tis
814 3257 938 3292 arcanum
950 3251 1049 3310 pateus.
1069 3241 1177 3292 Nostrae
1189 3241 1273 3305 Paua,

270 3316 311 3368 28.
334 3317 480 3389 Reyemquc
499 3315 590 3368 luorum
612 3313 732 3367 Orodem.
774 3320 930 3372 Traduction
942 3320 972 3370 de
983 3318 1088 3370 diona.-
1106 3317 1218 3370 «Flauus
1231 3317 1274 3369 al-
1360 3303 1368 3312 ’

234 3393 313 3462 Quod
333 3396 452 3466 quidem,
469 3394 596 3448 suadente
613 3395 734 3460 Oresio,
772 3399 866 3452 tarsici
876 3397 902 3450 la
913 3398 993 3450 udritd
999 3395 1150 3468 pouravot'r
1158 3397 1275 3448 occasion

235 3475 408 3540 restituimus,
419 3495 468 3547 pro
482 3494 567 3549 repam
579 3475 734 3529 Colchorum
772 3480 803 3531 de
818 3477 964 3529 multraiter
980 3477 1005 3529 la
1023 3477 1115 3528 notiora
1127 3476 1217 3542 totve,
1237 3493 1276 3526 re·

238 3552 735 3622 Orodem,quumconstetdlbsnorum‚
772 3559 866 3631 pordes
876 3575 926 3628 par
937 3556 973 3608 les
988 3557 1112 3608 Romaim
1127 3574 1227 3607 comme
1240 3573 1275 3605 un

235 3650 290 3684 non
319 3631 478 3684 Colchorum
503 3652 592 3703 regem
618 3635 735 3688 Orodem
773 3636 1025 3710 peupleepulement
1040 3634 1278 3704 odieuxetmdpri*

235 3712 332 3778 fnisse,
354 3729 385 3764 ac
409 3711 528 3763 eumdem
553 3732 609 3764 csse
630 3713 663 3766 de
683 3731 736 3784 quo
775 3714 1278 3782 sabla.Mademor'selleLerrnvae,pu·

236 3790 328 3863 paullo
341 3803 402 3860 post
412 3790 522 3859 legitun
538 3791 644 3842 Orodem
658 3793 735 3842 etiam
774 3815 807 3868 qe
818 3793 879 3860 rod,
888 3793 1215 3864 rapportedeutpnssaqes,
1225 3790 1278 3841 dun

237 3878 428 3934 remuneratus,
444 3881 494 3919 etc.
509 3869 558 3920 Cui
572 3871 737 3920 assentimus·
778 3873 809 3922 de
819 3871 944 3941 losephe,
959 3869 1048 3921 l'autre
1057 3871 1088 3920 de
1098 3868 1221 3932 Strabon,
1230 3887 1281 3940 pur

237 3949 304 4000 Nam
315 3967 395 4020 quum
402 3961 463 4001 ante
472 3946 571 3998 dictum
580 3962 659 4013 esset,
666 3949 739 3998 Pom·
780 3946 887 4018 desquels
896 3965 928 3997 on
940 3948 994 3998 vot't
1002 3966 1052 4018 que
1063 3958 1126 3998 cette
1134 3947 1208 4019 vique
1218 3949 1280 3999 erait

237 4027 328 4097 peinm
343 4025 458 4078 Colchos
471 4025 601 4091 cecidisse,
612 4027 668 4094 jam
684 4043 739 4096 qua·
781 4045 817 4077 un
828 4026 929 4096 prdscnt
936 4026 1015 4096 fuiti
1027 4028 1140 4097 Pompe'e
1148 4045 1200 4098 par
1209 4028 1282 4080 Aris-

239 4120 395 4180 sequuntur,
408 4103 742 4176 Orodem....y'ussitinpla-
782 4106 876 4158 tobale.
897 4105 1016 4159 L’auteur
1033 4109 1075 4160 des
1094 4109 1209 4162 Annales
1229 4111 1282 4159 Ro-

240 4201 275 4236 nu
286 4185 451 4250 descendere,
465 4201 521 4236 non
532 4181 600 4237 adeo
611 4181 689 4238 facile
699 4201 742 4236 ec·
783 4183 882 4240 moines
893 4185 975 4258 (690)
986 4188 1025 4241 dt't
1037 4207 1087 4260 que
1097 4187 1184 4240 c’dtait
1194 4209 1228 4240 urs
1240 4203 1283 4238 or-

1128 4279 1158 4332 15
