<?xml version="1.0" encoding="UTF-8"?>
<!DOCTYPE html PUBLIC "-//W3C//DTD XHTML 1.0 Transitional//EN"
    "http://www.w3.org/TR/xhtml1/DTD/xhtml1-transitional.dtd">
<html xmlns="http://www.w3.org/1999/xhtml" xml:lang="en" lang="en">
 <head>
  <title>
</title>
<meta http-equiv="Content-Type" content="text/html;charset=utf-8" />
  <meta name='ocr-system' content='tesseract 3.04.00' />
  <meta name='ocr-capabilities' content='ocr_page ocr_carea ocr_par ocr_line ocrx_word'/>
</head>
<body>
  <div class='ocr_page' id='page_1' title='image "./luciiannaeiflor00lemagoog_0270.png"; bbox 0 0 3156 4950; ppageno 0'>
   <div class='ocr_carea' id='block_1_1' title="bbox 543 444 1262 517">
    <p class='ocr_par' dir='ltr' id='par_1_1' title="bbox 543 444 1262 517">
     <span class='ocr_line' id='line_1_1' title="bbox 543 444 1262 517; baseline 0.004 -4"><span class='ocrx_word' id='word_1_1' title='bbox 543 449 687 513; x_wconf 84' lang='lat' dir='ltr'>LIBER</span> <span class='ocrx_word' id='word_1_2' title='bbox 710 444 934 512; x_wconf 85' lang='lat' dir='ltr'><strong>TERTIUS.</strong></span> <span class='ocrx_word' id='word_1_3' title='bbox 1200 449 1262 517; x_wconf 83' lang='lat'><strong>255</strong></span> 
     </span>
    </p>
   </div>
   <div class='ocr_carea' id='block_1_2' title="bbox 217 566 1297 1460">
    <p class='ocr_par' dir='ltr' id='par_1_2' title="bbox 217 566 1297 1460">
     <span class='ocr_line' id='line_1_2' title="bbox 217 566 1263 672; baseline -0.001 -26"><span class='ocrx_word' id='word_1_4' title='bbox 217 571 272 646; x_wconf 85' lang='lat' dir='ltr'><strong>sul</strong></span> <span class='ocrx_word' id='word_1_5' title='bbox 286 571 491 672; x_wconf 87' lang='lat' dir='ltr'>Philippus:</span> <span class='ocrx_word' id='word_1_6' title='bbox 513 571 575 646; x_wconf 85' lang='lat' dir='ltr'><strong>sed</strong></span> <span class='ocrx_word' id='word_1_7' title='bbox 596 569 861 671; x_wconf 84' lang='lat' dir='ltr'><strong>apprehensum</strong></span> <span class='ocrx_word' id='word_1_8' title='bbox 879 566 1041 641; x_wconf 79' lang='lat' dir='ltr'><strong>fauchns</strong></span> <span class='ocrx_word' id='word_1_9' title='bbox 1059 573 1176 644; x_wconf 82' lang='lat' dir='ltr'><strong>viator</strong></span> <span class='ocrx_word' id='word_1_10' title='bbox 1190 597 1263 645; x_wconf 91' lang='lat' dir='ltr'><strong>non</strong></span> 
     </span>
     <span class='ocr_line' id='line_1_3' title="bbox 218 686 1293 790; baseline 0.002 -30"><span class='ocrx_word' id='word_1_11' title='bbox 218 704 300 761; x_wconf 85' lang='lat' dir='ltr'><strong>ante</strong></span> <span class='ocrx_word' id='word_1_12' title='bbox 314 688 464 780; x_wconf 80' lang='lat' dir='ltr'><strong>dimisit,</strong></span> <span class='ocrx_word' id='word_1_13' title='bbox 486 715 594 788; x_wconf 86' lang='lat' dir='ltr'><strong>quam</strong></span> <span class='ocrx_word' id='word_1_14' title='bbox 608 693 747 788; x_wconf 73' lang='lat' dir='ltr'><strong>sanguis</strong></span> <span class='ocrx_word' id='word_1_15' title='bbox 762 693 799 760; x_wconf 85' lang='lat' dir='ltr'><strong>iu</strong></span> <span class='ocrx_word' id='word_1_16' title='bbox 812 713 875 761; x_wconf 89' lang='lat' dir='ltr'><strong>ora</strong></span> <span class='ocrx_word' id='word_1_17' title='bbox 888 703 924 760; x_wconf 90' lang='lat' dir='ltr'><strong>et</strong></span> <span class='ocrx_word' id='word_1_18' title='bbox 943 686 1066 760; x_wconf 84' lang='lat' dir='ltr'><strong>oculos</strong></span> <span class='ocrx_word' id='word_1_19' title='bbox 1081 687 1263 762; x_wconf 83' lang='lat' dir='ltr'><strong>redunda-</strong></span> <span class='ocrx_word' id='word_1_20' title='bbox 1290 780 1293 790; x_wconf 17' lang='grc' dir='ltr'><strong>ἢ</strong></span> 
     </span>
     <span class='ocr_line' id='line_1_4' title="bbox 218 798 1297 901; baseline 0.003 -27"><span class='ocrx_word' id='word_1_21' title='bbox 218 815 282 874; x_wconf 90' lang='lat' dir='ltr'><strong>ret.</strong></span> <span class='ocrx_word' id='word_1_22' title='bbox 306 803 362 874; x_wconf 90' lang='lat' dir='ltr'><strong>Sic</strong></span> <span class='ocrx_word' id='word_1_23' title='bbox 383 806 545 901; x_wconf 87' lang='lat' dir='ltr'><strong>pervim</strong></span> <span class='ocrx_word' id='word_1_24' title='bbox 567 801 666 892; x_wconf 85' lang='lat' dir='ltr'><strong>latae,</strong></span> <span class='ocrx_word' id='word_1_25' title='bbox 689 801 863 900; x_wconf 70' lang='lat' dir='ltr'><strong>jussuque</strong></span> <span class='ocrx_word' id='word_1_26' title='bbox 886 798 1004 899; x_wconf 72' lang='lat' dir='ltr'><strong>leges:</strong></span> <span class='ocrx_word' id='word_1_27' title='bbox 1025 800 1089 873; x_wconf 85' lang='lat' dir='ltr'><strong>sed</strong></span> <span class='ocrx_word' id='word_1_28' title='bbox 1108 808 1297 901; x_wconf 83' lang='lat' dir='ltr'><strong>pretium9</strong></span> 
     </span>
     <span class='ocr_line' id='line_1_5' title="bbox 218 917 1264 1018; baseline 0.005 -30"><span class='ocrx_word' id='word_1_29' title='bbox 218 919 410 1016; x_wconf 78' lang='lat' dir='ltr'><strong>rogationis</strong></span> <span class='ocrx_word' id='word_1_30' title='bbox 423 922 541 992; x_wconf 84' lang='lat' dir='ltr'><strong>statim</strong></span> <span class='ocrx_word' id='word_1_31' title='bbox 557 921 644 991; x_wconf 86' lang='lat' dir='ltr'><strong>socii</strong></span> <span class='ocrx_word' id='word_1_32' title='bbox 662 917 847 1017; x_wconf 73' lang='lat' dir='ltr'><strong>flagitare:</strong></span> <span class='ocrx_word' id='word_1_33' title='bbox 867 941 978 1014; x_wconf 89' lang='lat' dir='ltr'><strong>quum</strong></span> <span class='ocrx_word' id='word_1_34' title='bbox 996 919 1138 989; x_wconf 84' lang='lat' dir='ltr'><strong>interim</strong></span> <span class='ocrx_word' id='word_1_35' title='bbox 1153 922 1264 1018; x_wconf 89' lang='lat' dir='ltr'><strong>impa-</strong></span> 
     </span>
     <span class='ocr_line' id='line_1_6' title="bbox 218 1035 1263 1134; baseline 0.001 -29"><span class='ocrx_word' id='word_1_36' title='bbox 218 1059 295 1106; x_wconf 85' lang='lat' dir='ltr'><strong>rem</strong></span> <span class='ocrx_word' id='word_1_37' title='bbox 321 1035 493 1124; x_wconf 83' lang='lat' dir='ltr'><strong>Drusum,</strong></span> <span class='ocrx_word' id='word_1_38' title='bbox 520 1059 724 1134; x_wconf 75' lang='lat' dir='ltr'><strong>aegrumque</strong></span> <span class='ocrx_word' id='word_1_39' title='bbox 754 1057 874 1106; x_wconf 89' lang='lat' dir='ltr'><strong>rerum</strong></span> <span class='ocrx_word' id='word_1_40' title='bbox 901 1047 1036 1104; x_wconf 88' lang='lat' dir='ltr'><strong>temere</strong></span> <span class='ocrx_word' id='word_1_41' title='bbox 1063 1049 1263 1125; x_wconf 83' lang='lat' dir='ltr'><strong>motarum,</strong></span> 
     </span>
     <span class='ocr_line' id='line_1_7' title="bbox 218 1145 1263 1241; baseline 0.004 -21"><span class='ocrx_word' id='word_1_42' title='bbox 218 1164 375 1240; x_wconf 79' lang='lat' dir='ltr'><strong>motura,</strong></span> <span class='ocrx_word' id='word_1_43' title='bbox 393 1165 433 1222; x_wconf 88' lang='lat' dir='ltr'><strong>ut</strong></span> <span class='ocrx_word' id='word_1_44' title='bbox 446 1154 483 1221; x_wconf 93' lang='lat' dir='ltr'><strong>in</strong></span> <span class='ocrx_word' id='word_1_45' title='bbox 496 1148 559 1222; x_wconf 82' lang='lat' dir='ltr'><strong>tali</strong></span> <span class='ocrx_word' id='word_1_46' title='bbox 574 1149 794 1241; x_wconf 83' lang='lat' dir='ltr'><strong>discrimine,</strong></span> <span class='ocrx_word' id='word_1_47' title='bbox 811 1173 907 1221; x_wconf 87' lang='lat' dir='ltr'><strong>mors</strong></span> <span class='ocrx_word' id='word_1_48' title='bbox 924 1145 1078 1220; x_wconf 83' lang='lat' dir='ltr'><strong>abstulit.</strong></span> <span class='ocrx_word' id='word_1_49' title='bbox 1092 1151 1166 1222; x_wconf 81' lang='lat' dir='ltr'><strong>Nec&#39;</strong></span> <span class='ocrx_word' id='word_1_50' title='bbox 1181 1149 1263 1224; x_wconf 88' lang='lat' dir='ltr'><strong>ideo</strong></span> 
     </span>
     <span class='ocr_line' id='line_1_8' title="bbox 218 1260 1263 1363; baseline 0.004 -29"><span class='ocrx_word' id='word_1_51' title='bbox 218 1266 333 1334; x_wconf 80' lang='lat' dir='ltr'><strong>mInus</strong></span> <span class='ocrx_word' id='word_1_52' title='bbox 353 1267 439 1336; x_wconf 85' lang='lat' dir='ltr'><strong>socii</strong></span> <span class='ocrx_word' id='word_1_53' title='bbox 455 1268 630 1363; x_wconf 82' lang='lat' dir='ltr'><strong>promisso</strong></span> <span class='ocrx_word' id='word_1_54' title='bbox 641 1267 748 1337; x_wconf 88' lang='lat' dir='ltr'><strong>Drusi</strong></span> <span class='ocrx_word' id='word_1_55' title='bbox 767 1289 789 1336; x_wconf 85' lang='lat' dir='ltr'><strong>a</strong></span> <span class='ocrx_word' id='word_1_56' title='bbox 806 1260 943 1362; x_wconf 90' lang='lat' dir='ltr'><strong>populo</strong></span> <span class='ocrx_word' id='word_1_57' title='bbox 965 1263 1127 1336; x_wconf 85' lang='lat' dir='ltr'><strong>Romano</strong></span> <span class='ocrx_word' id='word_1_58' title='bbox 1146 1289 1263 1362; x_wconf 70' lang='lat' dir='ltr'><strong>repoe</strong></span> 
     </span>
     <span class='ocr_line' id='line_1_9' title="bbox 217 1377 625 1460; baseline 0.002 -11"><span class='ocrx_word' id='word_1_59' title='bbox 217 1403 299 1452; x_wconf 84' lang='lat' dir='ltr'><strong>cere</strong></span> <span class='ocrx_word' id='word_1_60' title='bbox 314 1383 421 1451; x_wconf 83' lang='lat' dir='ltr'><strong>armis</strong></span> <span class='ocrx_word' id='word_1_61' title='bbox 435 1377 625 1460; x_wconf 82' lang='lat' dir='ltr'><strong>desierunt.</strong></span> 
     </span>
    </p>
   </div>
   <div class='ocr_carea' id='block_1_3' title="bbox 217 1635 1264 1660">
    <p class='ocr_par' dir='ltr' id='par_1_3' title="bbox 217 1635 1264 1660">
     <span class='ocr_line' id='line_1_10' title="bbox 217 1635 1264 1660; baseline 0 -2"><span class='ocrx_word' id='word_1_62' title='bbox 217 1635 1264 1660; x_wconf 59' lang='lat' dir='ltr'><strong>mmmmwfflmmmmwummm</strong></span> 
     </span>
    </p>
   </div>
   <div class='ocr_carea' id='block_1_4' title="bbox 651 1831 826 1907">
    <p class='ocr_par' dir='ltr' id='par_1_4' title="bbox 651 1831 826 1907">
     <span class='ocr_line' id='line_1_11' title="bbox 651 1831 826 1907; baseline -0.017 0"><span class='ocrx_word' id='word_1_63' title='bbox 651 1831 826 1907; x_wconf 89' lang='lat' dir='ltr'><strong>XVIII.</strong></span> 
     </span>
    </p>
   </div>
   <div class='ocr_carea' id='block_1_5' title="bbox 475 2075 1002 2166">
    <p class='ocr_par' dir='ltr' id='par_1_5' title="bbox 475 2075 1002 2166">
     <span class='ocr_line' id='line_1_12' title="bbox 475 2075 1002 2166; baseline -0.006 -18"><span class='ocrx_word' id='word_1_64' title='bbox 475 2076 698 2148; x_wconf 78' lang='lat' dir='ltr'><strong>ununuu</strong></span> <span class='ocrx_word' id='word_1_65' title='bbox 730 2075 1002 2166; x_wconf 67' lang='lat' dir='ltr'><strong>socruum.</strong></span> 
     </span>
    </p>
   </div>
   <div class='ocr_carea' id='block_1_6' title="bbox 219 2303 1295 2510">
    <p class='ocr_par' dir='ltr' id='par_1_6' title="bbox 219 2303 1295 2510">
     <span class='ocr_line' id='line_1_13' title="bbox 267 2303 1295 2395; baseline 0.002 -20"><span class='ocrx_word' id='word_1_66' title='bbox 267 2303 405 2379; x_wconf 81' lang='lat' dir='ltr'><strong>Sociale</strong></span> <span class='ocrx_word' id='word_1_67' title='bbox 420 2303 555 2378; x_wconf 89' lang='lat' dir='ltr'><strong>bellum</strong></span> <span class='ocrx_word' id='word_1_68' title='bbox 576 2320 724 2378; x_wconf 89' lang='lat' dir='ltr'><strong>vocetur</strong></span> <span class='ocrx_word' id='word_1_69' title='bbox 743 2305 845 2395; x_wconf 89' lang='lat' dir='ltr'><strong>licet,</strong></span> <span class='ocrx_word' id='word_1_70' title='bbox 867 2322 908 2377; x_wconf 89' lang='lat' dir='ltr'><strong>ut</strong></span> <span class='ocrx_word' id='word_1_71' title='bbox 927 2321 1154 2378; x_wconf 86' lang='lat' dir='ltr'><strong>extenuemus</strong></span> <span class='ocrx_word' id='word_1_72' title='bbox 1177 2309 1266 2378; x_wconf 89' lang='lat' dir='ltr'><strong>invi-</strong></span> <span class='ocrx_word' id='word_1_73' title='bbox 1285 2353 1295 2388; x_wconf 73' lang='lat'>1</span> 
     </span>
     <span class='ocr_line' id='line_1_14' title="bbox 219 2415 1265 2510; baseline 0.002 -20"><span class='ocrx_word' id='word_1_74' title='bbox 219 2415 340 2491; x_wconf 88' lang='lat' dir='ltr'><strong>diam:</strong></span> <span class='ocrx_word' id='word_1_75' title='bbox 360 2423 388 2491; x_wconf 89' lang='lat' dir='ltr'><strong>si</strong></span> <span class='ocrx_word' id='word_1_76' title='bbox 409 2436 674 2492; x_wconf 83' lang='lat' dir='ltr'><strong>verumtamen</strong></span> <span class='ocrx_word' id='word_1_77' title='bbox 696 2418 875 2510; x_wconf 90' lang='lat' dir='ltr'><strong>volumus,</strong></span> <span class='ocrx_word' id='word_1_78' title='bbox 900 2417 988 2493; x_wconf 88' lang='lat' dir='ltr'><strong>illud</strong></span> <span class='ocrx_word' id='word_1_79' title='bbox 1009 2419 1111 2493; x_wconf 87' lang='lat' dir='ltr'><strong>civile</strong></span> <span class='ocrx_word' id='word_1_80' title='bbox 1131 2417 1265 2494; x_wconf 87' lang='lat' dir='ltr'><strong>bellum</strong></span> 
     </span>
    </p>
   </div>
   <div class='ocr_carea' id='block_1_7' title="bbox 217 2535 1297 3092">
    <p class='ocr_par' dir='ltr' id='par_1_7' title="bbox 217 2535 1297 3092">
     <span class='ocr_line' id='line_1_15' title="bbox 218 2535 1265 2638; baseline 0 -29"><span class='ocrx_word' id='word_1_81' title='bbox 218 2535 302 2610; x_wconf 83' lang='lat' dir='ltr'><strong>fnit:</strong></span> <span class='ocrx_word' id='word_1_82' title='bbox 321 2541 456 2638; x_wconf 90' lang='lat' dir='ltr'><strong>quippe</strong></span> <span class='ocrx_word' id='word_1_83' title='bbox 473 2563 584 2637; x_wconf 90' lang='lat' dir='ltr'><strong>quum</strong></span> <span class='ocrx_word' id='word_1_84' title='bbox 603 2536 757 2637; x_wconf 85' lang='lat' dir='ltr'><strong>popqus</strong></span> <span class='ocrx_word' id='word_1_85' title='bbox 776 2542 955 2611; x_wconf 85' lang='lat' dir='ltr'><strong>Romanus</strong></span> <span class='ocrx_word' id='word_1_86' title='bbox 970 2541 1153 2628; x_wconf 87' lang='lat' dir='ltr'><strong>Etruscos,</strong></span> <span class='ocrx_word' id='word_1_87' title='bbox 1171 2541 1265 2610; x_wconf 83' lang='lat' dir='ltr'><strong>Lati-</strong></span> 
     </span>
     <span class='ocr_line' id='line_1_16' title="bbox 219 2651 1266 2752; baseline 0.001 -29"><span class='ocrx_word' id='word_1_88' title='bbox 219 2678 300 2743; x_wconf 89' lang='lat' dir='ltr'><strong>nos,</strong></span> <span class='ocrx_word' id='word_1_89' title='bbox 319 2652 537 2752; x_wconf 77' lang='lat' dir='ltr'><strong>Sabinosque</strong></span> <span class='ocrx_word' id='word_1_90' title='bbox 552 2657 751 2743; x_wconf 86' lang='lat' dir='ltr'><strong>miscuerit,</strong></span> <span class='ocrx_word' id='word_1_91' title='bbox 761 2667 807 2727; x_wconf 85' lang='lat' dir='ltr'><strong>&#39;et</strong></span> <span class='ocrx_word' id='word_1_92' title='bbox 823 2679 934 2726; x_wconf 91' lang='lat' dir='ltr'><strong>unum</strong></span> <span class='ocrx_word' id='word_1_93' title='bbox 948 2681 991 2726; x_wconf 83' lang='lat' dir='ltr'><strong>ex</strong></span> <span class='ocrx_word' id='word_1_94' title='bbox 1005 2651 1170 2726; x_wconf 87' lang='lat' dir='ltr'><strong>omnihus</strong></span> <span class='ocrx_word' id='word_1_95' title='bbox 1185 2677 1266 2724; x_wconf 87' lang='lat' dir='ltr'><strong>san-</strong></span> 
     </span>
     <span class='ocr_line' id='line_1_17' title="bbox 217 2768 1266 2868; baseline 0 -28"><span class='ocrx_word' id='word_1_96' title='bbox 217 2771 362 2866; x_wconf 79' lang='lat' dir='ltr'><strong>guinem</strong></span> <span class='ocrx_word' id='word_1_97' title='bbox 377 2768 506 2858; x_wconf 90' lang='lat' dir='ltr'><strong>ducat,</strong></span> <span class='ocrx_word' id='word_1_98' title='bbox 524 2795 654 2868; x_wconf 85' lang='lat' dir='ltr'><strong>corpus</strong></span> <span class='ocrx_word' id='word_1_99' title='bbox 670 2769 756 2842; x_wconf 85' lang='lat' dir='ltr'><strong>fecit</strong></span> <span class='ocrx_word' id='word_1_100' title='bbox 772 2795 816 2842; x_wconf 84' lang='lat' dir='ltr'><strong>ex</strong></span> <span class='ocrx_word' id='word_1_101' title='bbox 833 2768 1019 2858; x_wconf 70' lang='lat' dir='ltr'><strong>membru,</strong></span> <span class='ocrx_word' id='word_1_102' title='bbox 1039 2784 1075 2841; x_wconf 93' lang='lat' dir='ltr'><strong>et</strong></span> <span class='ocrx_word' id='word_1_103' title='bbox 1090 2795 1133 2841; x_wconf 84' lang='lat' dir='ltr'><strong>ex</strong></span> <span class='ocrx_word' id='word_1_104' title='bbox 1151 2771 1266 2841; x_wconf 90' lang='lat' dir='ltr'><strong>omni-</strong></span> 
     </span>
     <span class='ocr_line' id='line_1_18' title="bbox 219 2879 1297 2982; baseline 0.007 -32"><span class='ocrx_word' id='word_1_105' title='bbox 219 2879 284 2951; x_wconf 91' lang='lat' dir='ltr'><strong>bus</strong></span> <span class='ocrx_word' id='word_1_106' title='bbox 301 2906 391 2953; x_wconf 91' lang='lat' dir='ltr'><strong>unus</strong></span> <span class='ocrx_word' id='word_1_107' title='bbox 410 2899 480 2972; x_wconf 84' lang='lat' dir='ltr'><strong>est3</strong></span> <span class='ocrx_word' id='word_1_108' title='bbox 499 2907 566 2956; x_wconf 91' lang='lat' dir='ltr'><strong>nec</strong></span> <span class='ocrx_word' id='word_1_109' title='bbox 585 2888 724 2955; x_wconf 87' lang='lat' dir='ltr'><strong>minore</strong></span> <span class='ocrx_word' id='word_1_110' title='bbox 741 2883 874 2982; x_wconf 78' lang='lat' dir='ltr'><strong>flagitio</strong></span> <span class='ocrx_word' id='word_1_111' title='bbox 893 2887 980 2957; x_wconf 90' lang='lat' dir='ltr'><strong>socii</strong></span> <span class='ocrx_word' id='word_1_112' title='bbox 998 2888 1090 2956; x_wconf 87' lang='lat' dir='ltr'><strong>intra</strong></span> <span class='ocrx_word' id='word_1_113' title='bbox 1108 2881 1263 2973; x_wconf 67' lang='lat' dir='ltr'><strong>holm,</strong></span> <span class='ocrx_word' id='word_1_114' title='bbox 1282 2922 1297 2958; x_wconf 77' lang='lat' dir='ltr'>a</span> 
     </span>
     <span class='ocr_line' id='line_1_19' title="bbox 219 2994 954 3092; baseline 0.004 -27"><span class='ocrx_word' id='word_1_115' title='bbox 219 3017 328 3092; x_wconf 83' lang='lat' dir='ltr'><strong>quam</strong></span> <span class='ocrx_word' id='word_1_116' title='bbox 344 2998 437 3067; x_wconf 82' lang='lat' dir='ltr'><strong>intra</strong></span> <span class='ocrx_word' id='word_1_117' title='bbox 450 2994 578 3067; x_wconf 89' lang='lat' dir='ltr'><strong>urbem</strong></span> <span class='ocrx_word' id='word_1_118' title='bbox 594 2999 706 3088; x_wconf 86' lang='lat' dir='ltr'><strong>cives,</strong></span> <span class='ocrx_word' id='word_1_119' title='bbox 723 2995 954 3070; x_wconf 78' lang='lat' dir='ltr'><strong>rebellabant.</strong></span> 
     </span>
    </p>
   </div>
   <div class='ocr_carea' id='block_1_8' title="bbox 143 3199 1263 4227">
    <p class='ocr_par' dir='ltr' id='par_1_8' title="bbox 143 3199 1263 4227">
     <span class='ocr_line' id='line_1_20' title="bbox 219 3199 1262 3274; baseline 0.004 -24"><span class='ocrx_word' id='word_1_120' title='bbox 219 3215 278 3270; x_wconf 78' lang='lat' dir='ltr'><strong>cap.</strong></span> <span class='ocrx_word' id='word_1_121' title='bbox 293 3199 351 3251; x_wconf 87' lang='lat' dir='ltr'><strong>XV.</strong></span> <span class='ocrx_word' id='word_1_122' title='bbox 367 3229 404 3240; x_wconf 90' lang='lat'><em>-</em></span> <span class='ocrx_word' id='word_1_123' title='bbox 421 3199 520 3254; x_wconf 75' lang='lat' dir='ltr'><strong>Vrotor.</strong></span> <span class='ocrx_word' id='word_1_124' title='bbox 534 3201 661 3254; x_wconf 75' lang='lat' dir='ltr'><strong>Disseruit</strong></span> <span class='ocrx_word' id='word_1_125' title='bbox 676 3220 720 3254; x_wconf 82' lang='lat' dir='ltr'><strong>ex·</strong></span> <span class='ocrx_word' id='word_1_126' title='bbox 761 3201 879 3255; x_wconf 82' lang='lat' dir='ltr'><strong>scribunt</strong></span> <span class='ocrx_word' id='word_1_127' title='bbox 894 3203 964 3272; x_wconf 76' lang='lat' dir='ltr'><strong>Epir.</strong></span> <span class='ocrx_word' id='word_1_128' title='bbox 979 3201 1033 3253; x_wconf 83' lang='lat' dir='ltr'><strong>Lir.</strong></span> <span class='ocrx_word' id='word_1_129' title='bbox 1048 3201 1130 3254; x_wconf 82' lang='lat' dir='ltr'>Lxxl</span> <span class='ocrx_word' id='word_1_130' title='bbox 1144 3215 1172 3254; x_wconf 83' lang='lat' dir='ltr'><strong>et</strong></span> <span class='ocrx_word' id='word_1_131' title='bbox 1187 3221 1262 3274; x_wconf 80' lang='lat' dir='ltr'><strong>seqq.</strong></span> 
     </span>
     <span class='ocr_line' id='line_1_21' title="bbox 219 3277 1262 3353; baseline 0.001 -23"><span class='ocrx_word' id='word_1_132' title='bbox 219 3295 309 3350; x_wconf 70' lang='lat' dir='ltr'><strong>presso</strong></span> <span class='ocrx_word' id='word_1_133' title='bbox 318 3277 437 3332; x_wconf 78' lang='lat' dir='ltr'><strong>Valerius</strong></span> <span class='ocrx_word' id='word_1_134' title='bbox 446 3279 577 3332; x_wconf 78' lang='lat' dir='ltr'><strong>Maximus</strong></span> <span class='ocrx_word' id='word_1_135' title='bbox 587 3281 636 3347; x_wconf 80' lang='lat' dir='ltr'><strong>IX,</strong></span> <span class='ocrx_word' id='word_1_136' title='bbox 648 3279 676 3346; x_wconf 85' lang='lat'><strong>5,</strong></span> <span class='ocrx_word' id='word_1_137' title='bbox 689 3296 719 3332; x_wconf 79' lang='lat'><strong>2:</strong></span> <span class='ocrx_word' id='word_1_138' title='bbox 761 3279 840 3333; x_wconf 77' lang='lat' dir='ltr'><strong>latiur</strong></span> <span class='ocrx_word' id='word_1_139' title='bbox 855 3281 993 3353; x_wconf 77' lang='lat' dir='ltr'><strong>Appianas</strong></span> <span class='ocrx_word' id='word_1_140' title='bbox 1009 3279 1042 3333; x_wconf 79' lang='lat' dir='ltr'><strong>de</strong></span> <span class='ocrx_word' id='word_1_141' title='bbox 1059 3278 1130 3334; x_wconf 87' lang='lat' dir='ltr'><strong>Bello</strong></span> <span class='ocrx_word' id='word_1_142' title='bbox 1145 3280 1200 3333; x_wconf 74' lang='lat' dir='ltr'><strong>Cir.</strong></span> <span class='ocrx_word' id='word_1_143' title='bbox 1215 3279 1262 3332; x_wconf 78' lang='lat' dir='ltr'><strong>lib.</strong></span> 
     </span>
     <span class='ocr_line' id='line_1_22' title="bbox 143 3355 1263 3432; baseline 0.003 -22"><span class='ocrx_word' id='word_1_144' title='bbox 143 3391 146 3400; x_wconf 64' lang='lat'><em>=</em></span> <span class='ocrx_word' id='word_1_145' title='bbox 222 3378 235 3403; x_wconf 77' lang='grc' dir='ltr'>ι</span> <span class='ocrx_word' id='word_1_146' title='bbox 244 3355 356 3410; x_wconf 76' lang='lat' dir='ltr'><strong>Obtorto</strong></span> <span class='ocrx_word' id='word_1_147' title='bbox 365 3357 442 3430; x_wconf 68' lang='lat' dir='ltr'><strong>gulo,</strong></span> <span class='ocrx_word' id='word_1_148' title='bbox 453 3371 479 3410; x_wconf 79' lang='lat' dir='ltr'><strong>et</strong></span> <span class='ocrx_word' id='word_1_149' title='bbox 488 3356 597 3431; x_wconf 81' lang='lat' dir='ltr'><strong>quidem</strong></span> <span class='ocrx_word' id='word_1_150' title='bbox 607 3377 661 3411; x_wconf 90' lang='lat' dir='ltr'><strong>non</strong></span> <span class='ocrx_word' id='word_1_151' title='bbox 672 3377 721 3430; x_wconf 80' lang='lat' dir='ltr'><strong>per</strong></span> <span class='ocrx_word' id='word_1_152' title='bbox 762 3361 786 3428; x_wconf 92' lang='lat' dir='ltr'><strong>I,</strong></span> <span class='ocrx_word' id='word_1_153' title='bbox 797 3377 857 3432; x_wconf 74' lang='lat' dir='ltr'>pag.</span> <span class='ocrx_word' id='word_1_154' title='bbox 869 3359 920 3431; x_wconf 80' lang='lat'><strong>373</strong></span> <span class='ocrx_word' id='word_1_155' title='bbox 933 3372 983 3412; x_wconf 84' lang='lat' dir='ltr'><strong>etc.</strong></span> <span class='ocrx_word' id='word_1_156' title='bbox 998 3360 1086 3412; x_wconf 80' lang='lat' dir='ltr'><strong>Aurel.</strong></span> <span class='ocrx_word' id='word_1_157' title='bbox 1096 3361 1165 3414; x_wconf 88' lang='lat' dir='ltr'><strong>Vict.</strong></span> <span class='ocrx_word' id='word_1_158' title='bbox 1178 3379 1202 3411; x_wconf 86' lang='lat' dir='ltr'><strong>c.</strong></span> <span class='ocrx_word' id='word_1_159' title='bbox 1212 3361 1263 3428; x_wconf 86' lang='grc'><strong>63,</strong></span> 
     </span>
     <span class='ocr_line' id='line_1_23' title="bbox 223 3437 1262 3510; baseline 0.005 -23"><span class='ocrx_word' id='word_1_160' title='bbox 223 3437 389 3506; x_wconf 71' lang='lat' dir='ltr'><strong>uiatorem,</strong></span> <span class='ocrx_word' id='word_1_161' title='bbox 408 3437 455 3494; x_wconf 76' lang='lat' dir='ltr'><strong>ted</strong></span> <span class='ocrx_word' id='word_1_162' title='bbox 470 3438 594 3492; x_wconf 79' lang='lat' dir='ltr'><strong>clientem</strong></span> <span class='ocrx_word' id='word_1_163' title='bbox 610 3456 695 3491; x_wconf 78' lang='lat' dir='ltr'><strong>suum.</strong></span> <span class='ocrx_word' id='word_1_164' title='bbox 706 3463 718 3487; x_wconf 73' lang='grc' dir='ltr'>ι</span> <span class='ocrx_word' id='word_1_165' title='bbox 761 3454 787 3491; x_wconf 84' lang='lat' dir='ltr'><strong>et</strong></span> <span class='ocrx_word' id='word_1_166' title='bbox 805 3439 851 3510; x_wconf 72' lang='lat'><strong>753</strong></span> <span class='ocrx_word' id='word_1_167' title='bbox 864 3439 953 3492; x_wconf 77' lang='lat' dir='ltr'><strong>Valer.</strong></span> <span class='ocrx_word' id='word_1_168' title='bbox 970 3439 1075 3492; x_wconf 76' lang='lat' dir='ltr'><strong>Maxim.</strong></span> <span class='ocrx_word' id='word_1_169' title='bbox 1088 3441 1163 3506; x_wconf 87' lang='lat' dir='ltr'><strong>VIII,</strong></span> <span class='ocrx_word' id='word_1_170' title='bbox 1179 3439 1214 3504; x_wconf 85' lang='lat'><strong>6,</strong></span> <span class='ocrx_word' id='word_1_171' title='bbox 1228 3439 1262 3506; x_wconf 68' lang='lat' dir='ltr'><strong>I;</strong></span> 
     </span>
     <span class='ocr_line' id='line_1_24' title="bbox 254 3518 1262 3592; baseline 0.003 -23"><span class='ocrx_word' id='word_1_172' title='bbox 254 3533 281 3586; x_wconf 86' lang='lat'><strong>9.</strong></span> <span class='ocrx_word' id='word_1_173' title='bbox 295 3518 436 3589; x_wconf 77' lang='lat' dir='ltr'><strong>imparem.</strong></span> <span class='ocrx_word' id='word_1_174' title='bbox 448 3520 505 3572; x_wconf 84' lang='lat' dir='ltr'><strong>Hoc</strong></span> <span class='ocrx_word' id='word_1_175' title='bbox 515 3531 567 3586; x_wconf 77' lang='lat' dir='ltr'><strong>est,</strong></span> <span class='ocrx_word' id='word_1_176' title='bbox 579 3521 625 3590; x_wconf 87' lang='lat' dir='ltr'><strong>qni</strong></span> <span class='ocrx_word' id='word_1_177' title='bbox 634 3519 720 3590; x_wconf 82' lang='lat' dir='ltr'><strong>impar</strong></span> <span class='ocrx_word' id='word_1_178' title='bbox 760 3520 827 3592; x_wconf 79' lang='lat' dir='ltr'><strong>Aug.</strong></span> <span class='ocrx_word' id='word_1_179' title='bbox 836 3519 911 3572; x_wconf 82' lang='lat' dir='ltr'><strong>Civit.</strong></span> <span class='ocrx_word' id='word_1_180' title='bbox 919 3521 963 3586; x_wconf 86' lang='lat'><strong>111,</strong></span> <span class='ocrx_word' id='word_1_181' title='bbox 973 3536 1012 3590; x_wconf 83' lang='lat'><strong>17,</strong></span> <span class='ocrx_word' id='word_1_182' title='bbox 1021 3518 1262 3586; x_wconf 78' lang='lat' dir='ltr'><strong>26;Plin.xxxm,</strong></span> 
     </span>
     <span class='ocr_line' id='line_1_25' title="bbox 220 3595 1262 3671; baseline 0.005 -23"><span class='ocrx_word' id='word_1_183' title='bbox 220 3608 277 3648; x_wconf 77' lang='lat' dir='ltr'><strong>eret</strong></span> <span class='ocrx_word' id='word_1_184' title='bbox 292 3595 416 3648; x_wconf 75' lang='lat' dir='ltr'><strong>solvendo</strong></span> <span class='ocrx_word' id='word_1_185' title='bbox 433 3615 464 3650; x_wconf 76' lang='lat' dir='ltr'><strong>ea</strong></span> <span class='ocrx_word' id='word_1_186' title='bbox 476 3614 534 3669; x_wconf 69' lang='lat' dir='ltr'><strong>que</strong></span> <span class='ocrx_word' id='word_1_187' title='bbox 548 3599 721 3670; x_wconf 76' lang='lat' dir='ltr'><strong>promiserat,</strong></span> <span class='ocrx_word' id='word_1_188' title='bbox 765 3617 788 3666; x_wconf 76' lang='lat'><strong>¹3</strong></span> <span class='ocrx_word' id='word_1_189' title='bbox 805 3601 916 3671; x_wconf 86' lang='lat' dir='ltr'><strong>Eutrop.</strong></span> <span class='ocrx_word' id='word_1_190' title='bbox 929 3603 962 3668; x_wconf 92' lang='lat' dir='ltr'><strong>V,</strong></span> <span class='ocrx_word' id='word_1_191' title='bbox 977 3617 999 3664; x_wconf 80' lang='lat'><strong>¹3</strong></span> <span class='ocrx_word' id='word_1_192' title='bbox 1013 3599 1091 3654; x_wconf 85' lang='lat' dir='ltr'><strong>Oros.</strong></span> <span class='ocrx_word' id='word_1_193' title='bbox 1104 3603 1136 3669; x_wconf 88' lang='lat' dir='ltr'><strong>V,</strong></span> <span class='ocrx_word' id='word_1_194' title='bbox 1152 3602 1195 3664; x_wconf 77' lang='lat'><strong>=8;</strong></span> <span class='ocrx_word' id='word_1_195' title='bbox 1208 3603 1262 3654; x_wconf 87' lang='lat' dir='ltr'><strong>Eu-</strong></span> 
     </span>
     <span class='ocr_line' id='line_1_26' title="bbox 218 3675 1259 3754; baseline 0.008 -29"><span class='ocrx_word' id='word_1_196' title='bbox 218 3691 316 3746; x_wconf 80' lang='lat' dir='ltr'><strong>nempe</strong></span> <span class='ocrx_word' id='word_1_197' title='bbox 335 3676 380 3744; x_wconf 82' lang='lat' dir='ltr'><strong>jus</strong></span> <span class='ocrx_word' id='word_1_198' title='bbox 401 3675 521 3728; x_wconf 78' lang='lat' dir='ltr'><strong>civitatis.</strong></span> <span class='ocrx_word' id='word_1_199' title='bbox 542 3706 577 3717; x_wconf 97' lang='lat'>-</span> <span class='ocrx_word' id='word_1_200' title='bbox 595 3678 720 3747; x_wconf 83' lang='lat' dir='ltr'><strong>Maturo,</strong></span> <span class='ocrx_word' id='word_1_201' title='bbox 761 3677 1259 3754; x_wconf 64' lang='lat' dir='ltr'><strong>sebdibrotemporumsolin.cap.23</strong></span> 
     </span>
     <span class='ocr_line' id='line_1_27' title="bbox 218 3753 1258 3830; baseline 0.007 -27"><span class='ocrx_word' id='word_1_202' title='bbox 218 3763 249 3806; x_wconf 85' lang='lat' dir='ltr'><strong>ut</strong></span> <span class='ocrx_word' id='word_1_203' title='bbox 261 3753 290 3806; x_wconf 75' lang='lat' dir='ltr'><strong>in</strong></span> <span class='ocrx_word' id='word_1_204' title='bbox 305 3753 353 3807; x_wconf 81' lang='lat' dir='ltr'><strong>tali</strong></span> <span class='ocrx_word' id='word_1_205' title='bbox 368 3754 529 3822; x_wconf 71' lang='lat' dir='ltr'><strong>discrimine,</strong></span> <span class='ocrx_word' id='word_1_206' title='bbox 546 3772 655 3828; x_wconf 82' lang='lat' dir='ltr'><strong>nempe,</strong></span> <span class='ocrx_word' id='word_1_207' title='bbox 670 3775 720 3830; x_wconf 87' lang='lat' dir='ltr'><strong>op·</strong></span> <span class='ocrx_word' id='word_1_208' title='bbox 758 3756 907 3825; x_wconf 59' lang='lat' dir='ltr'><strong>Plutarch„</strong></span> <span class='ocrx_word' id='word_1_209' title='bbox 916 3757 985 3830; x_wconf 77' lang='lat' dir='ltr'>Sylla</span> <span class='ocrx_word' id='word_1_210' title='bbox 995 3775 1054 3829; x_wconf 83' lang='lat' dir='ltr'><strong>cap.</strong></span> <span class='ocrx_word' id='word_1_211' title='bbox 1066 3759 1095 3821; x_wconf 68' lang='grc' dir='ltr'><strong>ὃς</strong></span> <span class='ocrx_word' id='word_1_212' title='bbox 1106 3758 1201 3811; x_wconf 81' lang='lat' dir='ltr'><strong>Strabo</strong></span> <span class='ocrx_word' id='word_1_213' title='bbox 1213 3758 1258 3810; x_wconf 85' lang='lat' dir='ltr'><strong>lib.</strong></span> 
     </span>
     <span class='ocr_line' id='line_1_28' title="bbox 218 3833 1071 3909; baseline 0.004 -24"><span class='ocrx_word' id='word_1_214' title='bbox 218 3843 352 3904; x_wconf 70' lang='lat' dir='ltr'><strong>portuno,</strong></span> <span class='ocrx_word' id='word_1_215' title='bbox 364 3851 447 3908; x_wconf 87' lang='lat' dir='ltr'><strong>quum</strong></span> <span class='ocrx_word' id='word_1_216' title='bbox 459 3847 527 3887; x_wconf 72' lang='lat' dir='ltr'><strong>esset</strong></span> <span class='ocrx_word' id='word_1_217' title='bbox 535 3835 562 3885; x_wconf 91' lang='lat' dir='ltr'><strong>in</strong></span> <span class='ocrx_word' id='word_1_218' title='bbox 572 3833 620 3887; x_wconf 79' lang='lat' dir='ltr'><strong>mli</strong></span> <span class='ocrx_word' id='word_1_219' title='bbox 629 3835 721 3888; x_wconf 74' lang='lat' dir='ltr'><strong>dincri-</strong></span> <span class='ocrx_word' id='word_1_220' title='bbox 760 3840 794 3906; x_wconf 91' lang='lat' dir='ltr'><strong>V,</strong></span> <span class='ocrx_word' id='word_1_221' title='bbox 804 3855 865 3909; x_wconf 73' lang='lat' dir='ltr'>pag.</span> <span class='ocrx_word' id='word_1_222' title='bbox 882 3837 939 3890; x_wconf 85' lang='lat'><strong>166.</strong></span> <span class='ocrx_word' id='word_1_223' title='bbox 959 3836 1071 3889; x_wconf 67' lang='lat' dir='ltr'><strong>ciuem.</strong></span> 
     </span>
     <span class='ocr_line' id='line_1_29' title="bbox 218 3913 1259 3987; baseline 0.005 -23"><span class='ocrx_word' id='word_1_224' title='bbox 218 3913 299 3964; x_wconf 79' lang='lat' dir='ltr'><strong>mine.</strong></span> <span class='ocrx_word' id='word_1_225' title='bbox 799 3933 821 3969; x_wconf 87' lang='grc' dir='ltr'><strong>ι.</strong></span> <span class='ocrx_word' id='word_1_226' title='bbox 842 3917 937 3986; x_wconf 81' lang='lat' dir='ltr'><strong>Gorpru</strong></span> <span class='ocrx_word' id='word_1_227' title='bbox 945 3914 1013 3987; x_wconf 68' lang='lat' dir='ltr'><strong>jecit</strong></span> <span class='ocrx_word' id='word_1_228' title='bbox 1024 3933 1055 3967; x_wconf 81' lang='lat' dir='ltr'><strong>ex</strong></span> <span class='ocrx_word' id='word_1_229' title='bbox 1069 3915 1195 3969; x_wconf 75' lang='lat' dir='ltr'><strong>memhris.</strong></span> <span class='ocrx_word' id='word_1_230' title='bbox 1209 3913 1259 3969; x_wconf 89' lang='lat' dir='ltr'><strong>Su·</strong></span> 
     </span>
     <span class='ocr_line' id='line_1_30' title="bbox 254 3987 1258 4070; baseline 0.005 -25"><span class='ocrx_word' id='word_1_231' title='bbox 254 3987 340 4045; x_wconf 72' lang='lat' dir='ltr'><strong>&#39;Cin</strong></span> <span class='ocrx_word' id='word_1_232' title='bbox 350 3991 441 4046; x_wconf 80' lang='lat' dir='ltr'><strong>XVIII.</strong></span> <span class='ocrx_word' id='word_1_233' title='bbox 452 3993 557 4045; x_wconf 78' lang='lat' dir='ltr'><strong>Btnuurr</strong></span> <span class='ocrx_word' id='word_1_234' title='bbox 566 4005 674 4046; x_wconf 72' lang='lat' dir='ltr'><strong>sonitu.</strong></span> <span class='ocrx_word' id='word_1_235' title='bbox 687 3994 719 4045; x_wconf 86' lang='grc' dir='ltr'><strong>Δ.</strong></span> <span class='ocrx_word' id='word_1_236' title='bbox 760 4016 809 4068; x_wconf 77' lang='lat' dir='ltr'><strong>pra</strong></span> <span class='ocrx_word' id='word_1_237' title='bbox 822 3999 847 4063; x_wconf 90' lang='lat'><strong>1,</strong></span> <span class='ocrx_word' id='word_1_238' title='bbox 863 4013 886 4063; x_wconf 89' lang='grc' dir='ltr'><strong>ι,</strong></span> <span class='ocrx_word' id='word_1_239' title='bbox 898 4014 929 4066; x_wconf 87' lang='grc'><strong>9,</strong></span> <span class='ocrx_word' id='word_1_240' title='bbox 944 3999 1003 4049; x_wconf 76' lang='lat' dir='ltr'><strong>«Ex</strong></span> <span class='ocrx_word' id='word_1_241' title='bbox 1019 3997 1096 4050; x_wconf 80' lang='lat' dir='ltr'><strong>variis</strong></span> <span class='ocrx_word' id='word_1_242' title='bbox 1112 3998 1189 4070; x_wconf 75' lang='lat' dir='ltr'><strong>quari</strong></span> <span class='ocrx_word' id='word_1_243' title='bbox 1204 3996 1258 4050; x_wconf 84' lang='lat' dir='ltr'><strong>ele-</strong></span> 
     </span>
     <span class='ocr_line' id='line_1_31' title="bbox 219 4070 1259 4150; baseline 0.007 -26"><span class='ocrx_word' id='word_1_244' title='bbox 219 4073 253 4124; x_wconf 88' lang='lat' dir='ltr'><strong>U.</strong></span> <span class='ocrx_word' id='word_1_245' title='bbox 265 4071 333 4140; x_wconf 71' lang='lat'><strong>664,</strong></span> <span class='ocrx_word' id='word_1_246' title='bbox 346 4074 445 4126; x_wconf 70' lang='lat' dir='ltr'><strong>nnteC.</strong></span> <span class='ocrx_word' id='word_1_247' title='bbox 457 4073 491 4124; x_wconf 84' lang='lat' dir='ltr'><strong>N.</strong></span> <span class='ocrx_word' id='word_1_248' title='bbox 504 4089 554 4141; x_wconf 87' lang='lat'><strong>90,</strong></span> <span class='ocrx_word' id='word_1_249' title='bbox 569 4089 637 4124; x_wconf 79' lang='lat' dir='ltr'><strong>coes.</strong></span> <span class='ocrx_word' id='word_1_250' title='bbox 648 4070 720 4124; x_wconf 81' lang='lat' dir='ltr'><strong>Iulio</strong></span> <span class='ocrx_word' id='word_1_251' title='bbox 764 4075 879 4128; x_wconf 71' lang='lat' dir='ltr'><strong>umentis</strong></span> <span class='ocrx_word' id='word_1_252' title='bbox 898 4092 982 4128; x_wconf 81' lang='lat' dir='ltr'><strong>unum</strong></span> <span class='ocrx_word' id='word_1_253' title='bbox 1000 4091 1095 4150; x_wconf 72' lang='lat' dir='ltr'><strong>corpus</strong></span> <span class='ocrx_word' id='word_1_254' title='bbox 1114 4095 1259 4150; x_wconf 67' lang='lat' dir='ltr'><strong>congregr-</strong></span> 
     </span>
     <span class='ocr_line' id='line_1_32' title="bbox 217 4149 850 4227; baseline 0 -21"><span class='ocrx_word' id='word_1_255' title='bbox 217 4149 285 4207; x_wconf 74' lang='lat' dir='ltr'><strong>Goet.</strong></span> <span class='ocrx_word' id='word_1_256' title='bbox 297 4153 396 4208; x_wconf 77' lang='lat' dir='ltr'><strong>Rutilio</strong></span> <span class='ocrx_word' id='word_1_257' title='bbox 408 4155 493 4227; x_wconf 85' lang='lat' dir='ltr'><strong>Lupo.</strong></span> <span class='ocrx_word' id='word_1_258' title='bbox 504 4153 605 4208; x_wconf 84' lang='lat' dir='ltr'><strong>BeIIum</strong></span> <span class='ocrx_word' id='word_1_259' title='bbox 618 4153 719 4207; x_wconf 70' lang='lat' dir='ltr'><strong>Sooinle</strong></span> <span class='ocrx_word' id='word_1_260' title='bbox 763 4177 774 4202; x_wconf 85' lang='grc' dir='ltr'>ι</span> <span class='ocrx_word' id='word_1_261' title='bbox 785 4156 828 4207; x_wconf 79' lang='lat' dir='ltr'><strong>vit.</strong></span> <span class='ocrx_word' id='word_1_262' title='bbox 839 4175 850 4200; x_wconf 78' lang='grc' dir='ltr'>ι</span> 
     </span>
    </p>
   </div>
   <div class='ocr_carea' id='block_1_9' title="bbox 0 0 1583 4950">
    <p class='ocr_par' dir='ltr' id='par_1_9' title="bbox 0 0 1583 4950">
     <span class='ocr_line' id='line_1_33' title="bbox 0 0 1583 4950; baseline 0 0"><span class='ocrx_word' id='word_1_263' title='bbox 0 0 1583 4950; x_wconf 95' lang='lat' dir='ltr'><strong> </strong></span> 
     </span>
    </p>
   </div>
  </div>
 </body>
</html>
