3142 4938
562 517 706 582 runnu
727 517 991 582 sacuuuus.
1176 473 1180 482 ’
1240 519 1294 581 151

260 645 415 741 «iuquit,
438 645 633 738 accipite;a
662 656 698 712 et
721 665 866 712 excusso
890 643 926 710 iu
948 639 1067 711 media
1091 641 1189 711 curia
1208 655 1300 738 togae

254 762 406 856 gremio,
422 784 496 830 non
507 761 581 829 sine
591 754 757 845 horrore,
768 759 867 854 quasi
879 754 984 853 plane
996 758 1072 826 sinu
1083 753 1209 844 ferret,
1221 753 1301 826 bel-

254 872 328 946 lum
345 873 483 947 effudit.
498 871 627 945 Similis
644 877 755 945 exitus
771 870 858 944 belli
881 875 980 943 initio
999 871 1077 943 fuit.
1093 874 1185 944 Nam
1200 875 1300 971 quasi
1336 871 1351 922 3

253 986 317 1060 bas
328 988 474 1062 inferias
488 988 555 1062 sibi
569 990 844 1087 Saguntinorum
862 985 994 1058 ultimae
1008 987 1094 1059 dirae
1106 992 1142 1058 in
1157 985 1218 1060 illo
1237 1013 1301 1085 pu·

253 1100 349 1176 blico
364 1103 558 1203 parricidio
568 1101 809 1201 incendioque
819 1100 1061 1173 mandassent:
1076 1105 1125 1172 ita
1135 1101 1301 1173 Manibus

254 1241 395 1308 eorum,
419 1222 615 1292 vastatione
637 1216 762 1307 ltaliae,
775 1219 979 1315 captivitate
999 1215 1144 1304 Almam,
1168 1215 1298 1288 ducum

253 1345 289 1406 et
317 1361 461 1434 regum,
493 1339 555 1434 qui
583 1333 623 1406 id
654 1357 793 1433 gessere
822 1331 977 1425 bellum,
1008 1336 1113 1406 exitio
1140 1348 1301 1430 parenta-

250 1466 403 1525 tumest.
850 1460 855 1470 '

300 1566 412 1662 Igitur
424 1562 488 1636 ubi
508 1562 616 1638 semel
634 1567 720 1636 sein
738 1566 908 1662 Hispania
924 1569 1037 1636 movit
1054 1562 1114 1635 illa
1136 1569 1251 1663 gravis
1267 1581 1303 1637 et
1335 1584 1352 1636 9

250 1675 412 1752 luctuosa
423 1682 546 1752 Punici
560 1677 645 1752 belli
661 1681 712 1752 vis
727 1693 832 1778 atque
848 1693 1057 1777 tempestas,
1070 1676 1301 1750 destinatum-

251 1818 322 1892 que
337 1796 505 1867 Romanis
513 1795 589 1893 jam
598 1793 662 1868 diu
672 1792 809 1866 fulmen
819 1795 1011 1894 Saguntino
1021 1797 1103 1894 igne
1112 1791 1297 1885 conflavit,

250 1911 368 1980 statim
381 1907 541 2008 quodam
556 1913 693 2008 impetu
710 1925 812 2007 rapta
827 1909 964 1982 medias
986 1909 1157 2008 perfregit
1172 1907 1297 2007 Alpes,

250 2040 286 2098 et
298 2029 335 2098 in
347 2025 485 2126 ltaliam
499 2025 545 2100 ab
559 2026 626 2100 illis
637 2025 808 2100 fabulosae
823 2026 1016 2100 altitudinis
1028 2026 1186 2115 nivibus,
1201 2025 1299 2098 velut

250 2248 511 2306 duretsubclamasse
522 2251 751 2322 Carthaginienses
792 2252 903 2326 proprie
920 2250 1078 2324 parentibus
1094 2253 1169 2320 jussa
1189 2251 1297 2315 facere,

249 2325 326 2393 dicit,
335 2327 380 2380 sed
391 2343 478 2382 utrum
487 2329 582 2383 vellet:
596 2355 607 2378 ι
619 2331 673 2384 Sub
682 2331 753 2384 banc
794 2328 841 2384 sed
851 2349 899 2402 per
909 2328 1111 2404 synecdochen,
1121 2328 1154 2380 de
1170 2328 1297 2400 quibusve

252 2429 264 2452 ι
273 2423 366 2460 vocem
377 2407 450 2460 baud
461 2410 549 2461 nunus
561 2409 693 2476 ferociter,
706 2410 753 2462 du·
793 2411 903 2464 mortuis
915 2409 1020 2483 dicitur,
1032 2411 1078 2462 aa.
1091 2411 1189 2461 Duum.

251 2501 312 2540 «ret
333 2499 421 2540 utrum
440 2487 538 2554 uellet,
561 2489 753 2544 subclamatum
828 2509 854 2560 9.
869 2491 918 2542 Uti
931 2490 1012 2564 ἐρίων
1022 2488 1101 2542 semel
1115 2507 1141 2541 se
1156 2490 1184 2541 iu
1199 2489 1296 2562 Hispo·

251 2577 320 2618 sest.
335 2566 751 2639 thuumisiterurn,sinuef·
791 2571 837 2622 aio
863 2581 913 2622 etot
939 2571 969 2621 ln
994 2568 1066 2630 hune
1089 2568 1179 2620 locum
1203 2583 1295 2618 omnes

250 2643 349 2709 afuso,
369 2644 470 2698 bellum
489 2663 518 2698 se
538 2645 603 2700 dare
624 2645 749 2712 dixisset,
791 2649 1152 2714 commentatores,Grarius
1164 2650 1295 2718 precipue

250 2725 747 2797 nacciperessomnesresponduunts
790 2726 1298 2798 invehunturprtpotedeclamatorium.

247 2801 350 2854 -Non
356 2801 529 2854 siuebomre.
538 2805 639 2874 injecto
648 2817 750 2857 terrore
790 2805 909 2876 Abjeetis
922 2819 1010 2858 antem
1019 2805 1061 2856 bis
1071 2803 1170 2866 verbis,
1181 2804 1296 2855 destitua-

248 2876 381 2930 borrifico.
393 2907 428 2918 -·
444 2877 522 2950 Qluast
533 2881 614 2952 plane
625 2883 683 2934 dau
690 2882 751 2953 fer·
791 2885 1026 2956 tranquellomauis
1025 2883 1132 2955 jamdiu
1136 2879 1296 2952 fulmeaSa-

248 2967 294 3007 ret.
309 2957 374 3024 Qun
389 2956 497 3026 quidem
510 2959 590 3011 verba
605 2958 649 3010 hic
666 2977 751 3030 usque
789 2964 901 3032 pustino
913 2961 1120 3037 ipneconflavit,
1133 2959 1296 3012 animadver-

247 3033 315 3086 adeo
323 3036 535 3106 ineptesuut,ut
544 3055 577 3088 es
585 3040 679 3089 merito
689 3057 752 3108 spu·
791 3039 1030 3102 tendum'cretert,
1050 3040 1168 3109 quamvis
1189 3041 1294 3109 poetice

246 3115 285 3166 ria
300 3127 328 3166 at
343 3114 504 3186 interpolata
521 3118 655 3168 censuerit
670 3119 750 3169 Titne.
793 3117 879 3181 dicta,
901 3131 988 3169 tamen
1009 3131 1123 3188 creptam
1142 3115 1294 3188 allegoriam

245 3195 314 3246 Nam
323 3207 467 3266 postquam
474 3193 703 3248 Fabiusiuductus
710 3208 752 3248 est
788 3197 859 3264 juste
874 3209 900 3247 et
913 3196 1011 3248 ‹lecore
1024 3194 1170 3248 absolvere.
1188 3197 1293 3272 Conflu-

246 3270 349 3338 dieebs,
359 3271 408 3324 bes·
417 3291 464 3344 syo
473 3273 534 3326 sinu
541 3291 635 3345 pacem
644 3271 752 3324 bellum·
792 3276 828 3326 cit
845 3284 933 3326 autern
950 3275 994 3326 hic
1011 3273 1109 3326 dicitur
1124 3276 1227 3345 passive
1243 3293 1292 3346 pro

246 3368 295 3421 qus
302 3365 391 3423 porto,
402 3353 540 3426 quomodo
550 3353 646 3406 deinde
655 3350 750 3406 Florus
790 3353 932 3406 conflatum
949 3367 996 3406 cst.
1011 3383 1047 3396 —
1058 3355 1159 3406 Medias
1167 3356 1294 3432 perfrepit

248 3428 394 3484 subtexuit:
407 3434 481 3504 quusi
489 3432 574 3505 plane
584 3433 750 3504 sinuferset?
788 3431 876 3506 Alpes.
884 3435 1035 3488 Trantiturn
1044 3434 1180 3487 Annibalis
1191 3453 1239 3508 per
1246 3437 1292 3488 Al·

282 3508 308 3558 8.
321 3508 419 3562 Similis
429 3511 511 3566 exitus
522 3511 585 3564 betti
597 3512 673 3564 iru'tt'o
678 3509 748 3582 fuit.
787 3531 836 3584 pes
847 3513 971 3566 describit
985 3514 1028 3566 Sil.
1043 3513 1101 3566 ltal.
1116 3514 1183 3565 libro
1196 3517 1290 3579 tertio;

247 3586 328 3654 Quia,
344 3591 380 3642 sie
396 3589 529 3645 decursio
546 3593 635 3658 bello,
653 3611 748 3646 conss·
791 3586 1217 3658 vtrg.m1.x,13;tuv.sasx,
1232 3587 1289 3656 147.

247 3678 311 3717 cute
332 3678 489 3732 suut,·non
513 3673 598 3722 minus
623 3669 747 3724 horrifica
788 3663 1289 3720 cont.E1curs.auLtv.nost.autom.
1318 3686 1319 3689 ’

246 3745 335 3810 lucre,
349 3761 429 3814 quum
443 3743 497 3796 luce
509 3749 566 3817 ipsu
580 3747 644 3798 belli
656 3749 747 3800 decla·
786 3743 831 3810 IV,
840 3745 928 3814 p-l73
938 3763 994 3816 seq.
1006 3748 1074 3816 laege
1085 3746 1164 3796 etiam
1174 3746 1290 3810 Livium,

247 3825 331 3874 rusios
344 3820 460 3874 Gallice:
476 3823 542 3874 «Les
552 3827 628 3876 suites
639 3826 671 3876 de
684 3839 748 3879 cette
787 3824 913 3892 August,
921 3835 946 3877 et
956 3822 1023 3874 l'lut.
1033 3823 1059 3872 in
1068 3823 1291 3879 visarnnibal.-›·

250 3923 261 3948 ι
268 3919 360 3974 poem
372 3899 430 3952 n'en
439 3900 534 3972 fureur
544 3918 590 3970 pos
604 3903 688 3954 moins
701 3914 748 3954 teo
787 3898 928 3954 Fabulam.
937 3900 1098 3952 Fabulosum
1105 3899 1227 3954 biocerte
1236 3922 1289 3956 non

250 3980 556 4054 «riblesqueleprdlude.
565 4001 577 4028 s
587 3981 747 4050 -lnferias
789 3979 858 4032 idern
871 3993 909 4032 est
922 3981 1118 4050 quodfalsum,
1131 3981 1202 4053 quod
1214 4003 1289 4036 com-

246 4061 288 4112 Sie
306 4062 413 4133 propris
430 4059 588 4112 dicebantur
605 4059 749 4126 sacrificia,
789 4059 950 4122 manutium
962 4058 1008 4110 sed
1019 4059 1105 4131 quod,
1117 4061 1290 4127 litati-erum,

246 4139 400 4206 libationes,
408 4157 466 4210 qua
472 4140 584 4192 mortuis
591 4138 748 4190 inferebant.
790 4135 892 4190 fabulas
902 4139 967 4190 in'se
976 4141 1125 4194 commistus
1136 4141 1229 4206 babet,
1240 4155 1289 4193 aut

245 4247 281 4262 -ι
297 4222 466 4274 emotum
482 4231 528 4273 est.
549 4219 692 4272 Percntare
710 4229 749 4270 est
788 4213 820 4268 de
833 4217 984 4288 quomultae
995 4217 1091 4272 tabula
1102 4233 1251 4272 narrantur.
