3108 4950
510 471 655 533 nrnnn
678 471 870 534 neruus.
1173 472 1214 560 89

173 621 213 668 ex
225 611 401 694 perpetuo
416 617 572 663 annuum
588 590 740 689 placuit,
758 617 800 664 ex
816 591 982 690 singulari
1000 592 1150 692 duplex,
1171 621 1215 666 ne

172 725 322 808 potestas
338 705 528 780 solitudine
541 703 596 777 vel
611 733 713 778 mora
728 723 1034 804 corrumperetur;
1051 708 1218 780 consules·

171 851 235 924 que
247 821 443 921 appellavit
455 848 523 920 pro
538 819 693 919 regibus,
708 837 749 892 ut
760 819 942 893 consulere
955 847 991 892 se
1001 819 1135 892 civibus
1147 828 1217 892 suis

171 939 300 1012 debere
316 941 566 1009 meminissent.
580 939 806 1035 Tantumque
823 934 995 1008 libertatis
1011 962 1110 1009 novae
1127 963 1215 1036 gau·
1250 957 1266 1010 3

171 1055 268 1127 dium
284 1061 492 1142 incesserat,
507 1069 547 1124 ut
562 1057 619 1124 vix
636 1055 762 1124 mutati
778 1068 888 1124 status
902 1051 1011 1125 iidem
1026 1070 1213 1152 caperent3

170 1171 390 1272 alterumque
407 1168 683 1258 exconsulibus,
701 1185 838 1271 tantum
851 1169 899 1241 ob
916 1195 1047 1242 nomen
1059 1184 1094 1242 et
1108 1195 1215 1268 genus

170 1293 324 1387 regium,
346 1285 499 1358 fascibus
519 1285 715 1384 abrogatis,
729 1284 830 1378 Jlrbe
847 1283 1076 1357 dimitterent.
1095 1286 1217 1384 ltaque
1251 1293 1267 1358 l

170 1403 374 1476 substitutus
390 1399 552 1474 Valerius
570 1397 770 1498 Poplicola,
794 1425 836 1471 ex
855 1425 994 1474 summo
1015 1399 1133 1472 studio
1154 1398 1218 1472 ad·

169 1522 270 1588 nixus
284 1533 337 1588 est
350 1515 396 1588 ad
410 1514 609 1614 augendam
620 1511 723 1585 liberi
737 1511 863 1612 populi
879 1515 1108 1612 majestatem.
1126 1517 1217 1586 Nam

171 1649 206 1703 et
217 1630 331 1703 fasces
343 1635 375 1702 ei
386 1657 451 1729 pro
464 1635 635 1702 concione
647 1628 822 1718 submisit,
839 1645 875 1700 et
882 1629 940 1726 jus
954 1633 1217 1728 provocationis

172 1746 339 1819 adversus
358 1751 452 1844 ipsos
474 1745 591 1834 dedit;
614 1761 666 1834 et,
689 1771 733 1817 ne
753 1749 870 1842 specie
890 1749 979 1816 arcis
994 1741 1215 1832 offenderet,

172 1868 365 1938 eminentes
385 1862 477 1935 aedes
500 1889 577 1935 suas
602 1867 639 1936 in
661 1860 767 1960 plana
787 1860 958 1934 submisit.
982 1863 1109 1934 Brutus
1128 1887 1215 1934 vero
1250 1871 1267 1926 5

171 1979 283 2052 favori
298 1983 428 2052 civium
443 1987 550 2054 etiam
562 1978 689 2050 domus
703 2003 772 2049 sure
785 1975 887 2050 clade
901 1994 936 2050 et
948 1977 1142 2075 parricidio
1156 2003 1216 2050 ve-

171 2188 248 2254 toirr,
263 2189 348 2241 lettre
358 2189 435 2241 XIII.
452 2191 508 2242 Hac
525 2186 558 2240 sle
572 2209 601 2242 re
614 2187 673 2241 ride
749 2183 1216 2256 l.Poplicolu.ltascribendumcon-

171 2269 250 2318 etiam
260 2267 378 2333 Vterer,
389 2265 673 2324 temtationsmmai·
713 2261 826 2315 tendunt
844 2262 933 2332 Sigon·
956 2262 990 2314 ad
1007 2263 1064 2314 Liv-
1083 2263 1121 2327 ll,
1142 2263 1174 2323 8;
1190 2275 1217 2314 ct

172 2343 343 2410 oes,liure1,
356 2346 672 2418 quibancquoquesen-
711 2342 785 2414 Pigh.
804 2341 838 2395 ad
853 2345 884 2394 A.
904 2345 935 2394 U.
953 2343 1020 2410 abl,
1037 2361 1096 2395 cnm
1114 2344 1216 2394 ratioue

172 2423 281 2474 tentiam
293 2425 394 2494 profert
405 2445 435 2477 ex
446 2428 573 2499 Dionysio
580 2427 623 2477 IV.
713 2423 808 2494 etymi‚
829 2435 884 2474 tum
903 2434 1013 2493 propter
1032 2423 1215 2474 auctoritatem

206 2519 231 2554 a.
243 2501 398 2556 Solitudine.
411 2503 515 2557 Sallust.
529 2505 586 2556 Cat.
600 2505 632 2571 6,
644 2507 672 2556 in
713 2501 849 2556 Plutarchi
858 2501 1217 2574 acDioupsii.Turnebusau-

171 2578 237 2632 line:
261 2583 379 2635 «Annua
397 2585 523 2654 imperia,
541 2583 673 2656 binosque
713 2594 766 2633 tem
782 2581 891 2634 Advers.
909 2581 998 2648 XXX,
1019 2581 1067 2647 28,
1087 2583 1217 2633 existimat

173 2661 365 2731 «imperatores
378 2661 427 2714 sibi
438 2664 537 2716 iecere:
549 2682 581 2714 eo
591 2661 672 2714 morl'o
713 2661 797 2714 lenius
813 2677 840 2715 et
856 2663 1013 2714 concinnius
1029 2661 1108 2714 scribi
1124 2659 1216 2712 Publi·

173 2743 298 2794 umioime
319 2761 399 2813 posse
418 2743 549 2815 putabant
569 2763 618 2815 per
640 2743 672 2796 li·
713 2740 861 2794 eulaliam
876 2755 902 2792 et
916 2741 1054 2805 Publicus,
1069 2743 1170 2810 inquit,
1184 2757 1215 2790 ex

172 2821 306 2872 «centiam
318 2821 478 2874 insolescere
493 2823 609 2876 animum
621 2823 674 2876 bu·
710 2821 861 2894 populicus,
879 2835 906 2874 ct
921 2819 1032 2876 Publius
1047 2839 1078 2873 ex
1092 2819 1216 2891 populius

171 2917 309 2950 «manum.
321 2923 333 2944 n
351 2929 388 2940 -
403 2901 481 2951 Moru
499 2916 673 2973 corrumpere·
711 2901 781 2952 tacta
803 2915 866 2953 sunt
885 2901 1062 2952 mansuetiora
1083 2917 1159 2950 sono.
1180 2927 1217 2936 —

168 2987 219 3029 tur.
228 2979 328 3026 Verum
341 2977 411 3026 enim
423 2990 462 3028 est
474 2976 538 3028 illud
548 2979 673 3032 Mamerci
711 2980 826 3032 Fasces...
846 2978 969 3030 submisit.
992 2977 1055 3028 lnde
1072 2975 1217 3029 submittere
1238 3011 1243 3019 -

168 3052 243 3124 apud
259 3053 315 3104 Liv.
334 3053 379 3119 IV,
397 3055 446 3122 24,
464 3053 494 3106 52
515 3058 673 3108 salaximam
707 3057 792 3126 fasces
801 3057 883 3109 alicui
891 3055 990 3109 dictum
1001 3068 1041 3107 cst
1051 3073 1100 3126 pro
1109 3054 1216 3121 cedere,

172 3133 326 3186 «libertatis
342 3132 493 3185 custodiam
509 3153 570 3200 esse,
585 3140 607 3187 si
619 3155 676 3188 ma·
713 3156 741 3190 se
753 3140 882 3189 minorem
897 3154 998 3206 gerere.
1015 3135 1070 3186 Cic.
1087 3133 1119 3186 de
1135 3135 1216 3186 Claris

173 3235 184 3256 ·
193 3231 244 3282 gna
254 3213 366 3284 imperia
377 3211 503 3264 diuturna
512 3226 673 3276 renoscent,
712 3217 785 3268 Orat.
796 3217 899 3283 *Quum
907 3216 976 3266 enim
985 3215 1011 3264 ia
1020 3217 1137 3266 maximis
1145 3233 1216 3266 caus·

173 3305 219 3343 set
232 3292 360 3363 temporis
376 3290 472 3344 modus
486 3292 673 3362 imponeretur,
715 3297 771 3348 usis
786 3307 905 3348 versatus
922 3313 1008 3359 esses,
1026 3307 1051 3346 et
1069 3314 1148 3366 quarn
1168 3294 1216 3347 ribi

173 3393 185 3414 ι
198 3369 292 3440 quibus
299 3372 365 3442 juris
375 3371 478 3441 imponi
488 3389 542 3422 non
551 3385 649 3441 posset.
659 3394 670 3416 n
716 3388 798 3427 «etas
814 3388 903 3428 nostra
914 3375 970 3444 jam
983 3374 1104 3442 cederet,
1119 3377 1216 3428 fasces·

170 3475 207 3484 —
215 3447 340 3500 Consules.
350 3449 389 3500 De
399 3447 584 3519 appellationis
594 3449 673 3520 hujus
717 3472 789 3525 aque
808 3455 982 3508 submitteret.
994 3479 1005 3502 s
1025 3455 1072 3510 Jus
1091 3474 1215 3529 provoca·

171 3526 274 3576 ratione
295 3525 385 3578 eadem
407 3548 467 3580 cum
487 3531 587 3580 Nostro
609 3529 674 3582 alle·
715 3532 798 3585 tionis.
813 3533 908 3604 Legem
921 3532 990 3584 hanc
1002 3531 1216 3605 Antoniusapud

169 3617 235 3672 gant
243 3604 325 3656 Varro
334 3605 403 3676 apud
412 3609 527 3659 Nonium
538 3626 604 3658 voce
615 3627 674 3660 cou-
713 3613 797 3664 Cicer.
810 3611 843 3664 de
855 3614 928 3664 Orat.
942 3615 980 3677 11,
993 3613 1041 3680 48,
1056 3626 1216 3684 npatronam

170 3683 247 3745 saules,
258 3682 318 3736 libr.
332 3687 672 3757 2‚§.16;Cic.deLeg.lil,
717 3692 864 3756 noivitatis,
887 3709 917 3742 ac
936 3691 1067 3743 vindicem
1086 3691 1216 3744 libertatis

171 3765 203 3828 3,
217 3779 241 3816 et
257 3765 290 3816 dc
302 3767 376 3818 Orat.
393 3768 429 3831 ll,
442 3767 490 3837 39;
503 3769 612 3821 Vossius
627 3788 674 3820 au·
717 3782 823 3818 tvocat.
834 3791 844 3813 ι
856 3770 893 3818 Ea
902 3769 971 3818 enirn
982 3768 1107 3820 ellectum
1118 3783 1157 3820 est
1165 3806 1173 3834 ,
1182 3785 1216 3820 ne

173 3853 224 3893 tem
238 3843 265 3894 in
279 3843 461 3916 Etymologico
475 3845 501 3897 h.
511 3866 535 3897 v.
549 3846 674 3899 emendat
714 3846 807 3900 consul
820 3865 867 3916 pro
881 3845 990 3897 arbitrio
1003 3850 1028 3898 in
1042 3851 1173 3918 quemvis,
1185 3865 1217 3900 ex

171 3921 245 3994 apud
254 3924 673 3998 Nonium,quodcousulereutse-
713 3923 1217 3996 odioforte,aliaveinjustacaussaani·

84 4069 86 4074 ,
172 4013 282 4069 uatum,
298 4004 466 4076 provulgato
482 4005 673 4067 senatui,·inde
713 4002 876 4057 madvertere
890 4017 997 4072 posset,
1013 4004 1059 4056 sed
1071 4004 1117 4057 ubi
1130 4025 1216 4079 popu-

170 4081 295 4135 consules
308 4084 454 4154 appellatos
468 4087 550 4138 fuisse
564 4101 672 4137 conton-
714 4084 753 4136 lus
766 4081 972 4152 comprobasset.
985 4085 1105 4136 Fecistis.

170 4160 243 4213 dens.
749 4161 773 4212 5.
790 4161 815 4212 V
813 4156 941 4228 elificutus
950 4175 995 4217 cst.
1002 4165 1178 4228 Translatus,
1189 4163 1215 4213 id
