3010 4948
430 591 717 658 vnnsmuuu
741 593 899 660 enom.
1122 598 1184 686 5³7

180 715 227 776 De
241 712 380 776 Editione
392 717 528 798 Principe
545 715 627 794 Flori
644 737 758 800 magna
778 732 821 780 est
838 721 1056 782 controversia.
1074 720 1185 798 Secun-

140 808 217 896 dum
230 810 406 870 Fabricium
423 810 474 892 (in
488 812 632 873 Biblioth.
644 816 710 874 Lat.
722 813 785 894 pol.
798 837 837 892 11,
853 837 883 898 p.
897 813 972 893 442,
983 817 1053 880 edit.
1066 821 1185 894 Ernest.

145 910 250 994 1773.)
274 924 303 970 et
329 909 519 986 Harlesium,
545 913 597 991 (in
611 914 746 974 Brevior.
764 915 835 975 Not.
858 917 916 976 Lit.
937 917 1025 978 Rom.
1050 940 1079 1000 p.
1096 919 1187 1001 dnn.)

140 1021 214 1068 sunt
226 1020 361 1089 quatuor
383 1008 518 1090 antiquae
535 1007 684 1070 editiones
704 1011 771 1070 sine
793 1009 859 1070 loco
880 1025 910 1071 et
930 1034 1030 1090 anno,
1053 1016 1129 1076 adeo
1149 1030 1186 1078 ut

140 1124 284 1184 quaenam
302 1123 408 1164 earum
428 1105 467 1164 sit
482 1106 623 1188 Princeps
641 1107 768 1188 quaestio
786 1106 886 1169 adbuc
903 1109 1073 1193 subjudice
1093 1113 1186 1174 relin-
1252 1145 1254 1148 ·

138 1201 263 1284 quenda
286 1199 435 1261 videatur.
460 1202 559 1261 lmmo
587 1202 745 1284 catalogos
761 1202 827 1285 jam
850 1221 1032 1268 memoratos
1056 1230 1184 1291 perpen-

137 1297 224 1358 denti
243 1296 402 1379 probabile
427 1297 576 1373 videatur,
597 1298 700 1381 plures
728 1321 790 1360 esse
811 1300 972 1380 editiones,
995 1307 1061 1366 sine
1083 1327 1184 1383 anno,

138 1415 207 1478 qum
228 1393 339 1456 soeculo
364 1414 404 1454 xv
422 1394 628 1476 assignentur,
651 1411 681 1456 et
695 1417 744 1458 eas
765 1398 813 1458 isti
833 1399 944 1460 saeculo
960 1422 977 1460 a
996 1402 1184 1483 Bipontiuis,

138 1495 172 1555 in
186 1495 299 1556 Notitia
312 1513 404 1576 supra
415 1493 553 1576 prolata,
568 1509 647 1556 recte
663 1494 767 1558 forsan
781 1499 939 1578 assignari.
956 1501 1025 1560 Una
1040 1521 1113 1562 vero
1126 1500 1184 1563 for·

137 1613 192 1652 san
216 1591 310 1652 editio
336 1589 443 1664 ¹saeculi
464 1611 506 1652 xv
525 1590 666 1654 addenda
692 1607 811 1670 manet,
839 1615 911 1656 cum
937 1617 1021 1657 anno
1046 1611 1076 1657 et
1094 1597 1186 1674 loco,

137 1705 250 1776 nempe
261 1693 355 1753 Paris.
366 1690 432 1766 lito.
448 1689 539 1767 1480,
551 1695 577 1754 si
592 1691 684 1753 modo
699 1693 864 1775 Catalogus
878 1696 1065 1757 Universalis
1076 1697 1184 1776 (Lond.

142 1812 230 1873 1701,
243 1791 303 1854 vol.
319 1814 346 1868 1,
360 1812 391 1873 p.
406 1787 458 1868 84)
478 1804 557 1852 reete
572 1812 603 1852 se
619 1789 741 1852 habeat.
757 1792 913 1869 Quiddam
927 1813 1002 1855 vero
1022 1815 1079 1858 nos
1094 1795 1186 1856 dubi·

136 1902 253 1966 tamus,
267 1889 378 1970 quibus
390 1889 425 1949 in
438 1887 677 1971 praecedentibus
688 1889 850 1970 catalogis,
864 1904 894 1950 et
909 1889 1102 1952 bibliothecis
1118 1913 1186 1973 pre·

136 1987 220 2047 tiosis
232 1999 262 2046 et
273 1985 400 2067 amplis,
413 1979 537 2066 hujusce
551 1984 692 2046 editionis
706 1984 861 2067 exemplar
878 2005 943 2046 non
958 1988 1085 2069 contigit
1101 1989 1186 2056 inve-

136 2085 212 2146 nire.
227 2081 345 2164 Neque,
359 2097 394 2142 ut
411 2082 522 2164 liquet,
541 2081 647 2144 eadem
666 2103 727 2144 esse
740 2083 835 2164 possit
849 2104 944 2164 quam
961 2105 996 2144 ex
1011 2083 1186 2166 conjectura

136 2182 218 2242 inter
230 2179 346 2242 italicas
359 2179 507 2242 editiones
522 2183 613 2262 ponit
631 2179 804 2240 Audiffredi
817 2182 897 2242 circa
914 2203 941 2242 a.
960 2180 1045 2258 1480.

176 2278 260 2338 Inter
281 2277 430 2338 editiones
456 2281 587 2338 Venetas
606 2297 674 2338 saec.
693 2298 743 2352 xv,
767 2278 926 2358 Bipontini
949 2290 1115 2340 numerant
1132 2283 1188 2342 Ve-

136 2389 199 2438 net.
217 2374 307 2458 1491,
319 2375 373 2438 fol,
391 2376 469 2436 Veu.
487 2372 576 2456 1497,
593 2374 648 2436 fol.
662 2389 691 2436 et
706 2378 782 2436 Ven.
795 2377 861 2436 sine
877 2397 928 2437 an.
942 2376 995 2438 fol.
1009 2380 1085 2440 min.
1101 2379 1185 2440 Frid.

135 2473 311 2552 Fischerus,
325 2476 358 2536 in
370 2472 459 2534 Praef.
478 2496 507 2557 p.
525 2494 593 2552 xxc,
608 2473 727 2534 modern
737 2476 779 2535 sic
794 2489 954 2536 numerat:
971 2473 1055 2557 1493,
1071 2475 1187 2559 fol.per

136 2569 217 2632 Phil.
235 2565 665 2652 Pincium,1d9i,iol.1497,
683 2570 737 2630 fol.
757 2571 822 2631 sine
840 2573 966 2632 nomine
982 2573 1111 2632 librarii.
1128 2573 1187 2632 Ad·

135 2667 183 2727 dit
196 2681 269 2729 vero
282 2669 330 2727 vir
343 2666 380 2727 cl.
400 2666 477 2728 nSed
490 2679 525 2726 ut
535 2663 681 2750 ωηο-[η.
695 2667 968 2748 Mediolanensem,
981 2689 1079 2750 ¹quam
1097 2682 1186 2732 antea

135 2763 313 2848 notaverat]
328 2764 483 2845 ignoravit
494 2763 663 2825 editionem
675 2764 796 2840 Saxius,
814 2765 856 2823 ita
872 2785 928 2824 nec
947 2765 1035 2826 nobis
1053 2780 1186 2846 quatuor

135 2861 205 2924 illas
225 2861 363 2946 [adjecta
381 2863 520 2922 Romana
543 2859 678 2922 editione
700 2858 806 2944 1472]
830 2860 963 2946 reliquas
985 2864 1114 2945 contigit
1140 2863 1184 2926 vi·

133 2960 242 3022 dere.»

174 3063 222 3122 De
238 3061 356 3123 Aldinis
375 3059 561 3124 editionibus
581 3059 739 3122 Fischerus
762 3060 906 3136 multum,
914 3062 1071 3144 queritur,
1091 3075 1121 3124 et
1142 3062 1185 3122 rei

131 3158 277 3219 literariae
292 3171 440 3220 amatores
455 3172 576 3235 monet,
592 3183 607 3214 n
617 3160 710 3238 etiem
726 3171 818 3240 atque
831 3157 923 3220 etiam
938 3179 999 3218 esse
1012 3159 1186 3220 cavendum

130 3275 175 3316 ne
193 3256 338 3316 omnibus
358 3269 470 3318 temere
492 3255 612 3316 Aldinis
633 3254 822 3316 editionibus
845 3271 1005 3318 auctorum
1026 3257 1186 3339 utriusque

51 3345 65 3358 ³
130 3355 252 3436 linguae
267 3357 401 3416 nimium
417 3355 593 3416 tribuenti
615 3354 705 3415 Praef.
725 3376 756 3436 p.
776 3376 885 3416 xxvuc.
902 3357 993 3428 Notat
1009 3377 1104 3430 unam
1121 3355 1186 3414 edi-

130 3453 251 3512 tionem
268 3451 335 3512 Ald.
350 3451 458 3512 formae
474 3452 666 3532 octopartitae
680 3454 746 3514 sine
764 3472 862 3526 anno;
884 3453 1042 3534 Bipontini
1060 3453 1185 3512 Livium

128 3567 207 3608 cum
224 3548 318 3609 Floro
336 3567 353 3607 a
372 3545 431 3608 vol.
448 3545 502 3608 fol.
530 3545 707 3608 1520-1521.
728 3547 765 3605 ln
780 3545 915 3608 Annales
934 3547 969 3606 de
988 3545 1186 3629 l’Impn'merie

126 3643 183 3704 des
194 3642 408 3720 Aidenotatur
422 3644 531 3716 etiam,
542 3655 617 3702 tom.
631 3661 658 3717 1,
672 3661 703 3722 p.
723 3641 793 3718 156,
805 3643 914 3704 Florus
927 3644 960 3702 in
974 3645 1040 3704 8vo.

173 3739 330 3802 Editiones
342 3751 499 3822 sequentes
513 3759 530 3798 a
546 3739 720 3820 bipontinis
733 3758 798 3797 non
812 3752 1006 3826 recensentur
1015 3760 1063 3798 2-

174 3833 262 3894 Lucii
277 3835 360 3896 Flori
378 3835 538 3917 Epitome,
550 3847 605 3894 etc.
622 3833 690 3893 8ιο.
707 3832 792 3908 ι5ίμ.
809 3835 886 3895 Ven.

173 3930 290 3990 Rerum
299 3934 509 3995 Romanarum
519 3931 678 4014 Epitome,
688 3942 743 3992 etc.
758 3930 864 3992 edente
874 3932 966 3993 Dion.
979 3928 1186 3994 Gothofredo.

122 4015 477 4108 Basit.159o,etnnt'v.
499 4031 585 4090 1600.
606 4030 674 4089 8vo.
692 4027 835 4089 Biblioth.
855 4028 941 4090 Bodl.

172 4125 287 4187 Rerum
297 4126 508 4188 Romanarum
521 4125 606 4186 Libri
619 4146 662 4204 iv,
677 4138 733 4186 etc.
745 4125 910 4188 Amstelod.
931 4126 1014 4188 1630.
1028 4127 1183 4188 8vo.Mus·

121 4221 210 4284 Brit.
