3108 4956
332 442 397 524 346
670 440 808 506 LUCII
830 439 1037 504 aMPELn

332 569 511 664 praecipue
523 562 677 638 Solstitio
688 578 750 636 est.
763 561 879 638 stella
890 566 1141 662 potentissimae
1148 569 1185 636 in
1197 563 1285 636 catio
1296 579 1382 637 sunt

332 697 486 778 septem,
506 679 692 769 Saturnus,
708 678 787 768 Sol,
809 681 926 769 Luna,
946 679 1060 770 Mars,
1079 679 1295 769 Mercurius,
1313 680 1384 750 Ju-

332 801 437 892 piter,
453 797 590 884 Venus,
607 820 685 893 quae
704 785 871 868 aGraecis
885 792 1050 893 planetae,
1066 793 1204 866 anobis
1220 798 1382 866 erraticae

332 911 511 1000 dicuntur,
531 913 615 1010 quia
635 910 681 985 ad
695 911 881 986 arbitrium
902 937 1006 982 suum
1020 925 1203 1010 vagantur,
1224 927 1261 983 et
1277 927 1382 982 motu

334 1053 398 1100 suo
419 1025 604 1100 hominnm
625 1025 699 1100 iata
720 1027 964 1101 moderantur.
986 1029 1078 1100 Item
1097 1026 1246 1100 adverso
1274 1051 1383 1098 cursu

334 1159 460 1216 contra
477 1140 602 1216 caelum
615 1142 786 1218 feruntur.

335 1409 1381 1438 ssmmmmmmfflmmmmffl

822 1612 894 1687 IV.

336 1865 531 1957 QUIBUS
561 1869 813 1942 PARTIBUS
838 1869 1077 1942 SEDEANT
1099 1863 1380 1940 DUODEGIM

463 1985 618 2057 SIGNA
642 1985 925 2059 DUODECIM
944 1983 1257 2057 'VENTORUM

386 2233 503 2322 Aries,
519 2239 555 2306 iu
571 2231 743 2307 Africum.
760 2236 916 2326 Taurus,
933 2239 970 2307 in
984 2234 1153 2305 Circium.
1172 2229 1331 2316 Gemini,
1345 2228 1382 2298 in

338 2347 562 2447 Aquilonem.
579 2352 727 2440 Cancer,
741 2355 778 2423 in
790 2353 1098 2451 septemtrionem.
1114 2350 1206 2438 Leo,
1220 2349 1257 2416 in
1273 2341 1384 2415 Thra·

340 2457 460 2536 sciam.
478 2467 606 2564 Virgo,
621 2470 657 2537 in
670 2469 852 2565 Argesten.
872 2465 996 2555 Libra,
1013 2469 1049 2536 in
1064 2459 1263 2562 Zephyron.
1281 2459 1386 2529 Scor·

340 2583 434 2676 pius,
452 2583 489 2651 in
505 2579 674 2654 Africum.
693 2584 914 2682 Sagittarius,
929 2585 965 2652 in
981 2583 1149 2653 Austrum
1163 2591 1197 2648 et
1211 2572 1383 2646 Africum.

201 2767 202 2770 ,
340 2696 594 2794 Capricornus,
606 2700 644 2768 in
659 2700 838 2772 Austrum.
855 2698 1046 2796 Aquarius,
1058 2699 1097 2766 in
1110 2696 1246 2765 Eurum
1261 2703 1297 2761 et
1307 2689 1385 2758 No-

342 2827 427 2882 tum.
446 2815 576 2902 Pisces,
594 2815 630 2884 in
646 2814 792 2885 Eurum.

334 3089 510 3110 “wvwku
514 3088 1049 3114 kummvwvmmmmmmm
1054 3079 1386 3108 mmmm

841 3285 889 3362 V.

714 3544 783 3618 DE
808 3541 1018 3614 VENTIS.

392 3797 500 3868 Venti
511 3793 602 3870 finnt
610 3815 652 3864 ex
662 3795 754 3864 aeris
762 3806 864 3864 motu
873 3807 909 3864 et
920 3787 1158 3862 inclinatione.
1171 3787 1260 3858 Sunt
1272 3799 1389 3855 antem

343 3908 522 4009 generales
539 3924 717 4010 quattuor.
731 3909 860 3999 Eurus,
873 3905 969 3978 idem
984 3903 1180 4003 Apeliotes,
1197 3899 1295 3972 idem
1308 3893 1389 3968 vui·
1525 3921 1526 3944 ¹

343 4041 478 4117 turnus,
492 4025 536 4100 ab
547 4027 706 4100 Oriente.
720 4023 775 4097 Ab
785 4022 995 4112 Occidente,
1010 4018 1205 4122 Zephyrus,
1218 4015 1316 4088 idem
1325 4015 1390 4086 Co

345 4169 422 4232 rus,
437 4141 533 4216 idern
550 4145 734 4216 Favonius.
753 4139 903 4241 Aquilo,
919 4141 1069 4226 Boreas,
1091 4139 1260 4236 Aparcias
1277 4132 1391 4218 idem,
