3108 4956
513 578 657 643 arnan
678 579 917 662 Quaeras.
1016 533 1018 538 ¹
1176 606 1238 674 297

195 699 314 790 litora;
325 704 934 794 marcetintestinumetexternum‚
947 707 1239 806 inminentesque
1258 777 1261 784 .

195 813 358 888 Herculis
371 815 546 916 speculas,
564 845 675 918 quum
690 823 810 891 omnia
826 817 982 921 undique
998 819 1101 893 simul
1116 822 1240 922 praelio
1334 856 1351 896 ¹.

196 945 232 1001 et
249 945 457 1028 tempestate
474 934 645 1004 saevirent.
667 934 753 1004 Mox
768 935 863 1004 circa
881 931 1081 1006 obsidiones
1097 934 1239 1008 urbium
1257 971 1290 1026 77

196 1049 374 1144 utrimque
389 1045 586 1118 discursum
600 1061 669 1136 est,
689 1071 768 1146 qnae
785 1049 922 1119 miserae
943 1053 1034 1120 inter
1051 1048 1117 1122 hos
1134 1067 1239 1151 atque

192 1157 273 1232 illos
289 1159 396 1233 duces
410 1164 586 1234 societatis
602 1164 770 1232 Romanae
783 1187 907 1259 poenas
923 1161 1067 1235 dabant.

244 1276 416 1349 Omnium
442 1292 622 1374 postrema
648 1279 880 1348 certaminum
904 1275 1051 1350 Munda.
1076 1281 1145 1350 Hic
1167 1305 1239 1352 non
1259 1307 1292 1376 7⁸

195 1414 263 1486 pro
275 1405 401 1462 caetera
409 1387 594 1478 felicitate,
604 1387 666 1460 sed
676 1413 817 1486 anceps,
832 1405 867 1461 et
878 1389 941 1462 diu
947 1394 1047 1462 triste
1058 1389 1219 1489 praelium
1231 1419 1239 1464 ε

195 1519 237 1574 ut
244 1501 350 1602 plane
362 1502 541 1576 videretur
552 1507 669 1576 nescio
680 1502 766 1602 quid
778 1501 976 1576 deliberare
985 1502 1138 1576 fortuna.
1151 1507 1240 1579 Sane
1259 1539 1294 1593 79

197 1620 324 1716 etipse
344 1634 425 1690 ente
446 1621 558 1690 aciem
574 1621 733 1690 moestior
747 1642 819 1692 non
836 1645 878 1690 ex
893 1644 995 1692 more
1010 1621 1144 1710 Caesar,
1168 1623 1241 1692 sive
1260 1665 1262 1668 -

197 1747 359 1829 respectu
366 1731 827 1832 fragilitatishumanae,sive
834 1738 978 1806 nimiam
986 1759 1241 1834 prosperorum

197 1865 395 1945 suspectam
409 1848 855 1922 habens‘continnationem
870 1877 877 1920 :
891 1848 947 1923 vel
960 1851 1085 1923 eadem
1098 1855 1239 1941 timens,

197 1978 386 2061 postquam
400 1963 497 2037 idem
511 1991 584 2038 esse
598 1982 774 2064 coeperat,
790 1967 888 2065 quod
904 1967 1103 2065 Pompeius.
1122 1965 1191 2038 Sed
1205 1971 1241 2038 in
1260 1978 1295 2031 to

196 2078 820 2180 ipso·praelio‚quodnemoumquam
828 2085 1048 2172 meminerat,
1059 2107 1169 2182 quum
1180 2081 1241 2152 diu

196 2197 276 2290 pari
288 2194 403 2267 Marte
418 2199 510 2268 acies
521 2194 608 2268 nihil
621 2193 716 2267 aliud
728 2221 835 2294 quam
845 2194 1063 2285 occiderent,
1073 2199 1109 2266 in
1120 2194 1241 2268 medio

198 2307 327 2381 ardore
339 2315 569 2408 pugnantium
584 2310 701 2382 subito
718 2315 839 2410 ingens
855 2314 948 2384 inter
963 2327 1130 2411 utrosque
1142 2309 1241 2382 silen-

196 2423 303 2515 tium,
320 2429 419 2524 quasi
431 2429 669 2500 convenisset:
689 2424 747 2499 hie
762 2429 921 2498 omnium
934 2452 1052 2500 sensus
1067 2442 1152 2498 erat.
1170 2428 1241 2498 No·
1259 2443 1290 2498 ει

197 2543 353 2630 tissime,
371 2539 459 2614 illud
472 2545 676 2615 inusitatum
690 2544 835 2615 Caesaris
848 2539 973 2631 oculis,
988 2540 1146 2640 (nefasl)
1161 2556 1243 2640 post

198 2655 468 2753 quatuordecim
485 2683 596 2732 annos
607 2656 760 2757 probata
770 2674 1018 2732 veteranorum
1032 2682 1156 2728 manus
1167 2679 1243 2754 gra·

199 2765 286 2839 dum
299 2786 396 2841 retro
411 2769 520 2844 dedit.
540 2771 650 2862 Quod
666 2774 730 2844 etsi
745 2769 906 2844 nondum
921 2770 1076 2869 fugerat,
1093 2794 1245 2868 appare—

199 2878 409 2972 barcarum,
426 2883 566 2982 pudore
577 2889 706 2984 magis,
723 2909 829 2983 quam
844 2889 972 2957 virtute
987 2887 1156 2956 resistere.
1175 2885 1244 2954 lta·
1261 2902 1295 2950 aa

201 3021 271 3094 que
289 2994 452 3094 ablegato
472 3024 582 3097 equo,
603 2997 723 3070 similis
739 2997 884 3088 furenti,
904 3001 1057 3094 primam
1075 3001 1112 3068 in
1131 2999 1244 3069 aciem

200 3175 704 3244 gnaeunt.-Mare...intcstinum.Me·
741 3195 767 3228 re
776 3175 834 3248 fait
848 3175 928 3229 sentit
938 3191 1029 3228 encore
1042 3173 1102 3247 plns
1117 3176 1246 3227 nivenent

201 3251 388 3308 diterranenm.
402 3284 439 3296 —
449 3255 602 3307 Externum.
614 3253 704 3306 Atlan-
742 3255 806 3308 dans
818 3253 845 3306 ta
856 3254 1010 3328 detoription
1019 3253 1051 3304 de
1064 3251 1205 3325 injournde
1214 3255 1246 3306 de
1315 3305 1323 3316 ,

201 3333 291 3384 ticum.
304 3331 355 3386 Sed
363 3332 427 3405 quid
437 3333 471 3387 ad
479 3331 615 3386 horrorem
622 3333 704 3386 inten-
741 3332 878 3386 Mundam
896 3334 935 3385 De
948 3331 1049 3386 Munda
1062 3345 1163 3396 autem,
1180 3332 1243 3385 urbe

202 3431 267 3465 num
279 3427 467 3486 externumque
477 3413 565 3466 mare?
575 3413 634 3485 quie
646 3413 703 3485 ipse
742 3425 782 3466 eet
794 3415 896 3466 Boeticae
908 3415 935 3466 iu
948 3413 1071 3465 inferiore
1083 3413 1219 3483 Hispania.

202 3491 340 3564 utriusque
365 3497 443 3546 roario
464 3509 609 3546 concursus
633 3507 703 3544 atro·
778 3509 821 3562 79.
831 3494 973 3566 Postquam
984 3491 1052 3543 idem
1063 3508 1114 3544 ene
1124 3505 1243 3563 coeperat.

203 3572 302 3622 eiorem
313 3571 426 3623 ostendit
440 3572 544 3624 faciem.
742 3570 772 3622 ld
788 3584 840 3636 est,
857 3583 999 3643 postquem
1016 3569 1050 3621 ad
1060 3568 1130 3622 idem
1142 3571 1244 3640 imperii

238 3651 281 3720 78.
295 3649 407 3702 Munda.
423 3652 571 3704 Retulimue
589 3652 615 3703 in
633 3652 703 3704 notit
741 3652 884 3722 gloriaeque
896 3650 1001 3704 culmen
1015 3648 1198 3701 adscenderat.

201 3731 280 3803 primi
293 3731 388 3800 capitis
400 3728 479 3800 hujus
490 3729 563 3794 iibri,
575 3729 649 3801 quod
661 3743 704 3780 tn·
779 3734 821 3786 80.
831 3731 884 3782 Hie
893 3733 1012 3784 omnium
1021 3747 1105 3781 murus
1113 3739 1176 3779 emt.
1187 3729 1245 3778 Me·

202 3811 233 3862 lit
245 3808 375 3880 judicium
393 3809 510 3862 Leaenae
525 3810 558 3862 de
574 3811 704 3878 Conjura-
743 3813 793 3862 rito
807 3808 863 3862 ineo
874 3807 971 3876 verba,
981 3820 1010 3858 ut
1026 3807 1129 3876 apuria,
1147 3806 1244 3876 rejicit,

202 3886 702 3942 doninCatilinaeinFloronarrationee
742 3886 946 3940 Freinshemius.
976 3883 1074 3936 Addita
1102 3897 1162 3936 eunt
1189 3883 1244 3936 hec
1325 3904 1326 3907 ¹

205 3965 333 4032 nssorus,
345 3969 431 4038 inquit
443 3969 559 4038 optimus
572 3965 616 4020 itte
631 3968 704 4018 criti·
744 3967 952 4040 precedentibus
959 3965 1140 4036 explicationis
1146 3983 1248 4018 caussa.

203 4066 264 4110 cue,
280 4045 322 4098 n’a
333 4047 455 4119 paternis
468 4046 644 4099 danscertctr
654 4065 706 4099 une
781 4049 822 4102 81.
846 4047 1041 4102 Veteranorum.
1059 4046 1184 4098 Veterani
1203 4045 1245 4098 di-

202 4125 271 4179 mute
293 4127 467 4180 circonstonee
488 4127 658 4199 importante,
681 4139 706 4179 et
745 4126 883 4187 uehuntur,
893 4125 939 4195 qui
947 4126 1107 4194 postvieena
1115 4123 1245 4197 stipendia

205 4216 260 4256 tout
266 4224 288 4274 y
301 4216 337 4258 ert
351 4207 523 4258 racontdavee
538 4203 664 4265 intlrdtu
679 4219 707 4257 et
745 4205 844 4258 dimissi
854 4205 966 4256 fuerant.

203 4285 312 4356 iueuper
332 4283 420 4337 addit:
444 4287 500 4338 nce
515 4285 598 4338 mdme
615 4285 706 4338 intent
781 4283 822 4336 82.
839 4281 973 4358 Adteyato.
988 4282 1098 4334 Relicto.
