3142 4938
327 511 383 588 rol
649 509 685 572 L.
710 508 866 572 ANNAEI
890 506 1037 574 FLORl

252 651 284 704 25
319 637 403 706 ve're
430 631 604 732 implevit.
629 631 769 705 Eodem
795 650 919 732 postea
940 631 997 704 bis
1020 647 1125 704 exuto
1149 638 1285 724 castris,
1312 633 1367 707 bis

318 747 723 838 saucio,ctinGraecinm
731 773 831 820 suam
840 765 937 820 trans
946 773 1046 819 mare
1055 773 1096 819 ac
1107 764 1217 820 terras
1229 746 1365 847 fugato,

319 889 388 962 pax
403 879 438 936 ct
453 867 571 961 quics3
594 879 630 936 et
647 879 746 934 tanta
768 862 813 935 dc
837 861 1108 961 opulentissimis
1131 878 1186 935 tot
1203 863 1366 961 gentibus

269 1000 302 1051 26
318 977 449 1078 spolia,
471 995 511 1051 ut
539 984 726 1052 victoriam
749 1005 848 1051 suam
872 983 988 1052 Roma
1011 1005 1084 1051 non
1112 995 1267 1077 caperet.
1291 981 1366 1051 Nec

320 1098 414 1166 euim
425 1110 559 1166 temere
574 1092 664 1166 ullus
679 1091 865 1193 pulchrior
885 1096 922 1165 in
938 1092 1076 1166 Urbem
1095 1108 1155 1166 aut
1173 1098 1366 1191 speciosior

269 1236 300 1288 27
318 1206 518 1307 triumphus
531 1211 685 1281 intravit.
703 1210 794 1280 Ante
813 1205 911 1279 hunc
929 1197 1026 1281 diem
1046 1205 1135 1280 nihil
1153 1212 1217 1282 nisi
1233 1234 1367 1305 pecora

318 1321 549 1414 Volscorurn,
570 1349 693 1422 greges
716 1322 946 1412 Sabinorum,
966 1339 1135 1422 carpente
1160 1321 1363 1413 Gallorum,

317 1436 430 1512 fracte
444 1440 643 1511 Samnitum
658 1464 757 1510 arma
772 1436 934 1510 vidisses:
952 1454 1029 1510 tum
1042 1442 1070 1509 si
1080 1443 1238 1538 captivos
1250 1438 1365 1537 adspi-

318 1550 1362 1650 ceres,Molossi,Thessali,Macedones,Bruttius,Apulus,

318 1683 424 1766 atque
446 1669 631 1740 Lucanus:
653 1671 681 1738 si
699 1692 866 1766 pompas,
888 1693 1030 1756 aurum,
1053 1692 1229 1766 purpura,
1248 1669 1362 1765 signa,

268 1789 300 1841 πθ
318 1778 462 1868 tebulae,
475 1782 747 1879 Tarentinaeque
767 1779 914 1854 deliciae.
931 1778 1001 1854 Sed
1018 1777 1108 1851 nihil
1125 1777 1290 1852 libentius
1302 1806 1363 1879 po·

317 1893 421 1994 pulus
435 1899 614 1968 Romanus
633 1895 812 1995 adspexit,
835 1922 943 1996 quam
957 1895 1053 1984 illos,
1069 1921 1156 1994 quas
1179 1898 1362 1984 timuerat,

318 2037 400 2083 cum
411 2010 566 2084 turribus
581 2016 651 2084 suis
671 2011 826 2086 belluas:
845 2039 939 2111 quae,
954 2038 1025 2085 non
1044 2016 1117 2083 sine
1133 2035 1236 2082 sensu
1250 2016 1364 2109 capti-

316 2129 449 2213 vitatis,
478 2123 655 2198 submissis
684 2125 898 2214 cervicibus,
928 2129 1081 2208 victores
1102 2148 1213 2222 equos
1242 2150 1362 2222 seque·

317 2238 458 2314 bantur.

354 2441 394 2494 25.
406 2443 450 2495 Bis
459 2453 537 2496 exuto
546 2444 768 2498 castricianum:
780 2465 820 2498 se·
862 2447 972 2498 cadente
986 2446 1029 2499 des
1044 2447 1180 2511 Romaim,
1196 2447 1273 2518 clap.
1290 2463 1316 2512 t,
1329 2445 1362 2498 ‹lc

317 2522 369 2574 mol
383 2535 485 2576 tantum
501 2537 611 2592 exutus,
623 2539 649 2576 et
662 2525 743 2577 semel
757 2543 819 2578 sau·
861 2527 1043 2577 Romanorum
1051 2525 1206 2598 triumphis,
1215 2527 1305 2598 primis
1315 2527 1363 2576 irn-

317 2605 372 2654 ciuo
391 2601 435 2673 (id
457 2617 513 2670 est,
534 2603 609 2656 fusus
630 2604 818 2677 fugaturque).
860 2607 928 2675 perii
944 2605 1125 2677 temporibus:
1146 2605 1204 2658 «Its
1218 2606 1363 2657 revenaient

316 2684 385 2734 Nam
397 2684 483 2754 primo
494 2697 520 2734 ct
532 2681 649 2734 secundo
661 2683 752 2754 prelio
762 2687 818 2738 vic-
860 2683 926 2736 dans
939 2683 965 2736 la
977 2684 1040 2736 ville
1052 2703 1113 2738 avec
1126 2683 1160 2736 les
1171 2680 1312 2754 depouillcs
1321 2682 1364 2735 des

316 2774 374 2826 tor,
387 2765 466 2815 tertio
481 2775 584 2814 tanturn
598 2765 683 2816 victus
698 2765 756 2816 tuit.
771 2765 819 2816 Eo.
858 2761 965 2835 periples
973 2764 1087 2817 valnens-
1099 2761 1126 2816 δ’
1128 2763 1272 2816 {caunites
1276 2764 1363 2835 perles

318 2843 415 2893 Detrn.
860 2842 892 2894 dc
903 2842 946 2894 bil
954 2853 980 2896 et
991 2842 1034 2895 des
1046 2853 1194 2916 troupeaux.
1210 2841 1296 2914 celuy
1305 2862 1363 2896 cats-

352 2921 394 2974 26.
414 2923 470 2976 Nec
487 2924 558 2974 enim
576 2932 704 2976 terum...
725 2924 818 2976 trium·
859 2921 909 2974 tait
918 2941 970 2973 une
977 2924 1076 2995 prande
1078 2921 1143 2992 joie.
1157 2921 1233 2974 Vor'lri
1244 2919 1363 2997 l'on'yine

313 2999 381 3071 pluo
398 3001 512 3054 intravit.
526 3004 582 3055 Nec
599 3005 669 3056 enlm
684 3001 761 3056 facile
778 3003 820 3054 ul-
860 3005 902 3056 des
913 3003 1059 3075 triumphes.
1072 3027 1083 3050 ι

315 3079 818 3155 lusaliustriumphuscitcripossit,etc.
896 3083 938 3135 28.
951 3083 1042 3136 sensu.
1061 3085 1122 3136 Huc
1134 3101 1184 3134 vox
1200 3081 1244 3134 hic
1259 3085 1363 3134 nonita

352 3179 394 3231 ²7·
408 3160 458 3212 Nil
474 3162 524 3214 nisi
537 3181 631 3234 pecora
650 3159 818 3226 Volscorum,
860 3175 890 3213 nt
908 3161 974 3215 solet
992 3163 1135 3235 accipitur,
1153 3160 1198 3214 sed
1215 3179 1265 3233 pro
1284 3161 1363 3212 intel-

315 3251 366 3290 εις.
376 3240 578 3308 Moortsournu,
588 3240 725 3292 Grandem
732 3253 758 3292 ct
766 3240 819 3291 Dt-
860 3237 938 3292 lectu.
