3108 4956
514 455 921 539 mauronianus.
1179 461 1241 549 307

199 605 280 668 nus,
294 595 330 650 et
340 581 512 652 exercitus
524 577 754 652 consalutant.
767 577 873 651 Nullo
882 579 980 653 bono
992 607 1093 654 more
1107 583 1254 658 ‘frium'

196 699 330 766 ¹viratus
346 693 540 786 invaditur;
557 719 798 795 oppressaque
815 699 922 768 armis
935 695 1138 796 republica,
1152 677 1247 772 redit

200 807 341 910 Syllana
360 813 594 909 proscriptio:
613 810 711 908 cujus
732 814 897 883 atrocitas
912 809 1002 883 nihil
1022 815 1059 883 in
1077 817 1248 886 seminus

202 923 324 1016 habet,
351 951 459 1025 quam
478 951 667 998 numerum
691 908 1092 1026 centumquadraginta
1111 945 1250 1000 senato-

202 1066 292 1114 rum.
312 1041 432 1114 Exitus
450 1039 554 1132 foedi,
576 1057 707 1130 truces,
724 1039 961 1130 miserabiles,
979 1057 1056 1113 toto
1074 1059 1249 1116 terrarum
1266 1067 1282 1131 a

202 1153 291 1228 orbe
306 1153 529 1256 fugientium.
545 1157 615 1228 Pro
633 1153 761 1254 quibus
773 1159 851 1254 quis
866 1179 934 1253 pro
950 1153 1119 1256 dignitate
1133 1161 1185 1228 rei
1198 1161 1251 1228 in·

201 1274 386 1369 gemiscat,
404 1296 516 1369 quum
531 1269 704 1342 Antonius
717 1269 868 1341 Lucium
882 1269 1073 1359 Caesarem,
1093 1296 1252 1342 avuncu-

201 1382 277 1455 lum
293 1409 415 1474 suum,
432 1383 589 1482 Lepidus
606 1385 757 1456 Lucium
777 1381 941 1473 Paulum,
964 1409 1067 1456 suum
1085 1383 1251 1474 fratrem,

203 1499 470 1598 proscripserit?
481 1503 604 1572 Romae
614 1504 732 1598 capita
742 1525 912 1573 caesorum
921 1524 1126 1597 proponere
1135 1504 1173 1571 in
1182 1523 1255 1572 ros
1271 1529 1286 1581 ς

204 1618 268 1686 tris
276 1611 354 1712 jam
365 1617 532 1686 usitatum
544 1632 639 1688 erat:
652 1641 778 1689 verum
789 1619 838 1688 sic
851 1639 995 1716 quoque
1007 1615 1129 1698 civitas
1142 1612 1254 1714 lacry-

205 1755 281 1802 mas
293 1745 415 1802 tenere
426 1755 499 1803 uon
514 1734 647 1830 potuit,
663 1757 775 1832 quum
787 1735 939 1805 recisum
952 1733 1134 1805 Ciceronis
1147 1749 1256 1829 caput

206 1852 243 1918 iu
259 1843 327 1918 illis
347 1851 417 1918 suis
432 1852 555 1920 rostris
574 1847 772 1939 videretur3
790 1873 857 1921 nec
877 1846 980 1922 aliter
995 1846 1255 1938 adridendum

206 1989 305 2052 eum,
315 1987 423 2062 quam
433 1961 1255 2054 solebatadaudiendum,concurreretur.Haec
1272 1977 1289 2026 6

205 2076 338 2150 scelera
353 2081 391 2149 in
400 2078 552 2151 ,Antonii
564 2078 764 2178 Lepidique
778 2077 926 2152 tabulis:
946 2081 1257 2177 Caesarpercusso·

205 2192 303 2266 ribus
325 2198 436 2292 patris
458 2195 644 2268 contentus
664 2194 743 2268 fuit.
765 2195 852 2267 Haec
872 2221 1034 2295 quoque,
1058 2197 1125 2266 nisi
1144 2193 1257 2268 multa

207 2305 346 2396 fuisset,
364 2312 473 2381 etiam
483 2309 580 2408 justa
596 2309 709 2383 caedes
725 2307 928 2382 haberetur.

208 2494 304 2545 nariam
318 2503 344 2544 et
356 2494 514 2550 Bononiam.
527 2493 713 2552 Hallucinatnr
754 2493 853 2547 ioedere
863 2508 943 2569 rupto
954 2496 1147 2562 triumviratus,
1159 2491 1193 2545 de
1207 2512 1256 2564 op·

207 2569 315 2637 floras,
328 2585 375 2624 aut
387 2573 483 2626 vitiosa
497 2571 585 2626 lectio.
604 2570 713 2627 Perusia
752 2572 891 2646 primeuda
899 2569 1037 2645 republica
1043 2575 1201 2643 cogitavere.
1207 2573 1256 2623 llic

208 2651 251 2704 laic
266 2651 356 2706 boum
373 2652 472 2707 habere
487 2673 543 2708 non
559 2668 662 2728 potest,
681 2659 713 2711 'nt
753 2665 843 2706 autam
856 2652 932 2706 nullo
947 2653 1013 2707 bono
1026 2669 1112 2720 mora,
1129 2663 1170 2703 est
1184 2651 1257 2703 nulla

210 2750 267 2804 quo
284 2732 346 2804 plus
364 2751 444 2804 quam
465 2737 611 2806 nonaginta
631 2735 711 2788 millia
752 2731 1041 2785 bonaconsuetudioe.
1055 2731 1257 2782 EmDaurm-

209 2825 336 2881 passm
348 2809 435 2864 abfuit
451 2829 467 2864 a
484 2814 614 2866 huonis.
623 2815 713 2884 Conjr'·
754 2813 831 2884 &rjus
843 2813 963 2864 anocitas
974 2809 1014 2863 nil
1027 2812 1056 2862 in
1068 2828 1095 2862 se
1108 2811 1197 2860 minus
1208 2807 1257 2860 la·

209 2891 284 2940 ciunt
309 2887 451 2958 legendum
473 2907 531 2942 esse
558 2893 712 2943 Petrusiam.
755 2889 808 2952 bet,
830 2899 880 2940 etc.
903 2889 986 2957 Cujus
1004 2889 1112 2940 minima
1133 2889 1257 2940 otmcitas

210 2969 319 3019 Petrusa
331 2979 436 3033 autem,
449 2965 528 3036 vulgo
543 2965 570 3018 la
584 2967 713 3034 Piranum,
754 2967 804 3017 fuit
820 2967 904 3017 cardos
918 2978 1025 3020 centum
1041 2978 1068 3016 et
1084 2964 1258 3037 quadraginta

210 3047 303 3098 Lavini
321 3041 436 3096 fluminis
456 3045 535 3114 ponti
554 3057 594 3096 est
608 3058 715 3097 conter-
756 3059 916 3097 aenatorum.

212 3126 297 3191 mina,
307 3125 354 3178 ubi
361 3123 411 3176 luit
419 3123 615 3178 triumvirorum
625 3126 714 3178 statio.
790 3126 817 3192 4.
824 3126 989 3197 ingemiscat.
997 3126 1028 3178 ln
1036 3123 1093 3178 aliis
1100 3123 1197 3196 legitur
1204 3143 1257 3178 non

213 3233 248 3243 -
258 3201 342 3258 Nullo
354 3203 420 3256 bono
436 3221 520 3270 mom,
541 3203 716 3260 triumviratus
757 3207 915 3283 ingemiscat.
927 3207 1012 3278 Magia
1024 3206 1113 3280 placet
1123 3206 1238 3280 vulgata.

213 3281 352 3348 inordinat.
365 3279 467 3335 Allodit
478 3281 512 3336 ad
523 3284 716 3337 triumviratum
793 3286 817 3340 5.
844 3287 939 3340 Verum
962 3288 999 3341 sic
1022 3305 1131 3361 quoquc.
1155 3287 1258 3360 Nempe

213 3363 315 3429 Crassi,
335 3364 445 3418 Cetaria
466 3355 495 3416 'et
516 3365 641 3436 Pompeii.
662 3365 715 3432 Qui
756 3369 876 3439 quamvis
886 3367 937 3420 hoc
950 3370 1074 3420 usitatum
1083 3368 1171 3419 fuerit.
