3108 4956
266 309 268 314 ⁵
335 380 398 450 ²90
656 359 698 422 u.
724 358 878 424 aruer
902 356 1047 422 ruorr

334 485 410 579 ipse
426 495 462 550 et
475 493 651 550 nocturna
668 478 821 574 imagine
839 474 967 548 theatri
983 482 1038 550 sui
1053 477 1198 552 mdieus
1214 479 1376 579 phumru

333 600 370 668 in
386 595 535 668 modum
549 592 711 693 plauctus
724 597 1004 666 circumsonare:
1019 611 1055 667 et
1065 621 1169 669 mane
1181 623 1264 670 cum
1277 599 1375 700 pullo

278 739 314 812 4⁶
331 712 488 810 (nefasi)
506 709 603 810 apud
614 713 790 809 principia
807 727 1025 809 conspectus.
1043 715 1246 813 Numquam
1260 721 1377 791 acrior

328 855 445 930 neque
470 825 622 902 alacrior
646 830 817 898 exereitus
842 828 988 898 Caesaris
1010 825 1088 900 fuit.
1121 828 1208 902 lude
1233 829 1376 908 classica

328 947 448 1042 prius,
477 941 559 1014 inde
588 938 668 1012 tela.
700 937 920 1012 Adnotatum
949 967 1093 1042 quoque
1123 949 1374 1020 committentis

328 1065 442 1135 aciem
454 1061 606 1132 Crastini
624 1055 759 1156 pilum:
778 1061 855 1156 qui,
877 1083 961 1130 mox
982 1057 1109 1131 adacto
1126 1064 1163 1132 iu
1180 1085 1218 1132 os
1234 1061 1372 1161 gladio,

326 1181 376 1249 sic
389 1180 482 1248 inter
497 1171 672 1246 cadavera
685 1189 861 1271 repertus,
878 1170 1059 1248 libidinem
1076 1201 1119 1247 ae
1134 1175 1286 1268 rabiem,
1302 1205 1374 1280 qua

271 1323 306 1392 47
326 1307 567 1390 pugnaverat,
592 1292 667 1387 ipsa
694 1293 850 1362 novitate
876 1287 1030 1362 vulneris
1054 1289 1275 1388 praeferebat.
1302 1295 1372 1368 Sed

240 1412 243 1418 '
323 1433 389 1480 uec
399 1411 515 1480 minus
525 1403 769 1478 admirabilior
777 1403 869 1476 iilius
879 1407 990 1478 exitus
999 1404 1094 1479 belli.
1106 1408 1250 1507 Quippe
1259 1437 1371 1510 quum

323 1525 513 1620 Pompeius
535 1517 630 1593 adeo
652 1523 811 1618 equitum
835 1524 941 1619 copia
963 1519 1181 1612 abundaret,
1205 1539 1245 1596 ut
1266 1524 1370 1600 facile

322 1641 624 1710 cirurntveuurrus
636 1633 702 1708 sibi
716 1636 891 1707 Caesarem
904 1634 1096 1727 videretur,
1110 1642 1370 1714 circumventus

268 1779 303 1844 tt
322 1757 397 1851 ipse
409 1769 478 1824 est:
492 1777 574 1822 nam
585 1775 694 1849 quum
707 1748 768 1820 diu
780 1775 882 1848 aequo
893 1751 1009 1824 Marte
1018 1753 1290 1845 contenderent,
1298 1755 1369 1854 jus·

321 1895 432 1968 suque
451 1871 616 1966 Pompeii
632 1863 730 1938 fissus
746 1892 768 1937 a
787 1891 900 1938 cornu
915 1873 1086 1967 erupisset
1101 1875 1291 1969 equitatus,
1308 1899 1368 1946 re·

319 2001 427 2083 pente
441 1983 524 2056 binc
540 1986 640 2082 signo
654 1980 756 2071 dato,
774 1982 1037 2054 Germamrnm
1052 1981 1218 2058 cobortes
1229 1997 1367 2060 tantun

319 2103 356 2174 iu
371 2098 502 2174 effisos
519 2102 654 2197 equites
668 2096 785 2170 iecere
799 2100 990 2198 impetum,
1003 2115 1044 2172 ut
1058 2097 1112 2172 iiii
1126 2125 1200 2174 esse
1213 2099 1364 2200 pedites,

265 2243 301 2313 49
318 2213 356 2287 bi
371 2219 492 2287 venire
508 2219 546 2286 in
563 2217 661 2314 equis
678 2211 892 2286 viderentur.
912 2217 1014 2287 Hauc
1031 2231 1184 2314 stragem
1201 2215 1365 2316 fugientis

319 2333 495 2426 equitatus
508 2325 594 2399 levis
607 2343 794 2398 armaturae
807 2331 910 2399 ruina
924 2333 1091 2401 comitata
1105 2345 1166 2402 est.
1183 2333 1284 2404 Tune
1298 2348 1366 2404 ter·

318 2465 400 2514 rore
417 2439 520 2514 latius
542 2441 642 2530 dato,
665 2439 891 2514 turbantibus
906 2445 1060 2516 invicem
1081 2445 1208 2543 copiis,
1229 2445 1368 2544 reliqua

318 2574 450 2658 strages
471 2561 572 2657 quasi
588 2581 660 2630 uua
677 2579 786 2634 manu
802 2557 897 2632 facta
916 2575 978 2632 est.
1000 2562 1075 2634 Nec
1091 2559 1163 2634 ulla
1179 2585 1235 2634 res
1253 2567 1366 2663 magis

319 2816 411 2852 mreuo
421 2799 537 2852 interdiu
544 2800 686 2856 obscurata
693 2799 738 2853 lux
750 2813 819 2854 esta
865 2806 961 2871 trivo,
974 2818 1021 2858 sut
1032 2819 1138 2858 monuo
1152 2807 1252 2876 quatias
1267 2822 1360 2877 aqna·

318 2906 355 2918 -
369 2877 477 2931 Tloeatri
489 2880 536 2934 sui.
557 2880 638 2948 Quod
654 2879 822 2934 dedicaverat
861 2885 918 2940 Hoc
930 2903 1040 2956 prorsus
1051 2885 1152 2940 diosna
1161 2903 1210 2958 pru
1224 2887 1310 2938 oniae
1319 2885 1364 2938 ad·

220 2959 223 2968 '
318 2958 821 3030 septemanuispusttriumpbumsuum
860 2977 989 3016 notarunt
1002 2963 1133 3018 Plutarcb.
1148 2967 1291 3038 Pompeio,
1304 2981 1361 3037 cap

318 3037 352 3091 de
361 3039 653 3113 Auta-ompuuo...
664 3053 819 3112 conspectiu-
864 3059 927 3115 117,
937 3047 1074 3119 Appiauus
1084 3066 1112 3118 p.
1124 3046 1191 3118 479,
1203 3046 1289 3100 etboe
1297 3067 1363 3119 prae·

316 3117 404 3170 Omen
424 3119 570 3172 infaustum
585 3119 732 3190 feraleque,
754 3137 822 3190 prae·
860 3125 1363 3199 cipuspertiuetadeiaoritetem‚quam

318 3198 409 3248 sertim
424 3195 495 3267 apud
514 3197 662 3264 Romanoa,
681 3199 726 3267 qui
742 3196 820 3268 puiiis
860 3201 941 3255 modo
954 3203 1062 3258 &saria
1073 3203 1200 3258 militibus
1212 3193 1305 3258 abetor
1316 3207 1365 3258 tri·

317 3292 374 3326 uon
385 3273 544 3340 utebantur,
557 3277 609 3328 uisi
625 3279 653 3328 iu
670 3288 762 3341 reatu,
779 3275 819 3328 vei
859 3280 961 3336 buerst
974 3282 1036 3348 Vei,
1049 3285 1071 3336 si
1080 3282 1167 3355 pilum
1179 3284 1307 3354 accipias,
1319 3285 1366 3338 ed·

316 3351 399 3408 luctu.
414 3351 507 3406 Palm
518 3367 606 3408 auten
615 3353 747 3412 estsestis
758 3353 819 3425 pui-
859 3371 977 3414 notamen
990 3361 1053 3416 dicia
1064 3363 1177 3416 &aenei
1185 3361 1283 3434 pilum,
1293 3375 1362 3417 tam-

316 3429 357 3499 is,
375 3431 416 3484 rei
434 3432 518 3502 niqra.
537 3462 573 3474 —
589 3431 670 3505 Apud
678 3432 818 3505 principia.
860 3457 938 3511 quam
955 3455 1034 3494 osaea
1050 3439 1201 3513 quoddam,
1216 3439 1290 3512 quod
1304 3455 1332 3494 ut
1346 3459 1362 3492 e

315 3512 383 3567 Vide
392 3526 575 3585 uotuasupra
587 3513 635 3580 111,
653 3529 694 3565 to.
858 3519 1360 3594 Lue.V11‚473,ceilifliurt‚isiuqum

351 3593 399 3662 46,
421 3592 521 3648 Piirun.
548 3593 754 3648 convenientius
779 3593 818 3646 di·
857 3600 941 3672 piium
950 3604 1093 3668 contorsit,
1102 3604 1306 3656 interiectmsit.

314 3675 629 3730 osudumfuissedirtum
638 3675 817 3746 putatFreiu-
892 3679 935 3751 47.
964 3682 1056 3736 Minus
1076 3680 1261 3736 admirabilior.
1285 3683 1360 3734 Unus

314 3756 439 3810 abemius.
455 3756 583 3810 Briareus
599 3756 668 3808 euim
685 3754 770 3808 Casus
783 3753 817 3807 de
856 3759 911 3814 MS.
922 3757 1009 3814 minias
1019 3757 1360 3814 admirabilieSedboeest

313 3835 386 3888 Bello
395 3835 470 3890 civiti
479 3835 526 3902 111,
539 3837 589 3900 31,
600 3835 714 3888 Crastini
724 3833 818 3901 rerba,
857 3855 872 3888 a
882 3852 1042 3904 correctore,
1052 3840 1159 3911 quinon
1169 3837 1280 3910 patabat
1289 3853 1359 3892 recu

313 3927 457 3987 autequam
465 3935 581 3988 puquam
588 3915 632 3968 bic
639 3917 818 3986 primatuum·
856 3918 984 3990 conjungi
996 3917 1065 3972 duos
1076 3921 1277 3990 comparativus.

312 3995 444 4049 mitterer:
465 3997 604 4062 -Faoium,
619 3996 705 4067 iuquit
717 3995 816 4048 cmti-
891 3995 933 4068 49.
951 3997 1030 4068 Quasi
1046 4017 1099 4052 uua
1115 4015 1208 4050 marta.
1227 3995 1357 4051 lisuniis

315 4077 422 4142 «tinus,
446 4078 603 4148 imperator,
628 4087 658 4130 ut
683 4075 747 4128 milri
769 4086 817 4128 sut
856 4073 1360 4143 factiuimdmuumumummr-
