3160 4948
315 411 381 492 244
646 409 682 475 n.
707 411 866 480 snum
890 357 1035 482 riom

317 537 419 627 liam,
434 532 645 628 Thraciam,
661 535 840 631 Ciliciam,
859 541 1147 641 Cappadociam,
1166 545 1363 624 uberrimas

315 650 616 751 validissimosque
632 658 853 751 provincias,
875 657 1062 732 Armenios
1084 663 1210 752 etiam,
1232 679 1268 736 et
1287 667 1364 737 Bri·

315 787 463 858 tannos,
488 782 529 840 ut
552 793 625 840 non
653 772 691 840 in
715 757 840 862 usum,
871 776 920 844 ita
945 773 993 846 ad
1018 778 1160 882 imperii
1183 784 1361 878 speciem,

314 911 445 986 magna
458 885 604 956 nomina
617 888 822 986 acquisisse,
839 886 1030 987 pulchrum
1046 909 1153 992 atque
1168 894 1360 988 decorum3

281 1019 297 1073 5
313 1009 364 1077 ita
375 1001 675 1102 eodemtempore
685 1001 870 1078 dimicasse
880 1005 1071 1081 domicum
1080 1009 1230 1103 civibus,
1241 1017 1360 1106 sociis,

270 1207 275 1219 Ι
314 1113 955 1220 mancipiis,gladiatoribus,totoque
963 1125 1055 1195 inter
1063 1142 1360 1228 sesenatu,turpe

263 1230 296 1310 'o
313 1251 420 1336 atque
433 1229 684 1306 miserandum.
699 1236 751 1305 Ac
767 1239 906 1326 nescio,
921 1261 967 1309 on
981 1242 1088 1311 satius
1099 1237 1206 1313 fuerit
1222 1242 1358 1341 populo

311 1356 496 1440 Romano,
522 1345 640 1421 Sicilia
666 1363 702 1420 et
725 1345 847 1422 Africa
874 1367 1041 1428 contento
1066 1353 1190 1447 fuisse,
1218 1373 1279 1430 aut
1304 1356 1359 1431 his

312 1471 420 1540 etiam
439 1466 524 1563 ipsis
542 1485 683 1552 carere,
698 1459 896 1538 dominanti
914 1468 952 1537 in
968 1465 1070 1540 ltalia
1089 1494 1170 1560 sua,
1191 1496 1299 1570 quam
1315 1499 1358 1546 eo

312 1576 562 1680 magnitudinis
582 1601 759 1667 crescere,
791 1592 830 1650 ut
855 1578 989 1654 viribus
1016 1586 1086 1654 suis
1111 1583 1356 1660 conficeretur.

276 1731 292 1788 7
311 1696 401 1788 Quae
414 1699 510 1768 enim
521 1719 576 1766 res
588 1689 658 1766 alia
667 1692 806 1767 furores
819 1692 938 1769 civiles
954 1703 1113 1798 peperit,
1128 1727 1237 1801 quam
1249 1707 1359 1777 nimia

310 1808 479 1890 felicitas?
492 1809 594 1910 Syria
603 1813 720 1908 prima
732 1835 798 1882 nos
812 1813 905 1883 victa
917 1817 1093 1914 corrupit:
1109 1841 1193 1889 mox
1205 1819 1358 1892 Asiatica
1389 1805 1392 1814 ¹

309 1927 520 2028 Pergameni
536 1927 628 2023 regis
642 1921 831 1996 hereditas.
847 1924 920 1998 lllae
934 1952 1020 2026 opes
1037 1945 1144 2029 atque
1157 1930 1288 2005 divitie
1303 1933 1358 2006 af-

309 2047 431 2121 flixere
456 2038 573 2116 saeculi
602 2063 742 2129 mores3
770 2065 995 2142 mersamque
1021 2049 1114 2118 vitiis
1139 2051 1228 2138 suis,
1257 2075 1356 2150 quasi

275 2184 291 2238 a
309 2165 463 2250 sentina,
478 2153 738 2256 rempublicam
754 2158 1040 2255 pessumdedere.
1057 2162 1163 2237 Unde
1180 2169 1275 2237 enim
1292 2194 1355 2266 po·

290 2276 413 2379 ¹pulus
433 2277 613 2346 Romanus
630 2272 817 2344 atribunis
836 2298 939 2374 agros
956 2292 991 2348 et
1010 2275 1143 2352 cibaria
1163 2277 1354 2381 flagitaret,

309 2397 376 2467 nisi
389 2417 455 2492 per
470 2388 624 2480 farnem,
640 2413 748 2488 quam
761 2385 846 2462 luxu
863 2389 1018 2468 fecerat?
1031 2393 1125 2469 Hine
1138 2421 1222 2496 ergo
1238 2398 1354 2471 Grec-

343 2626 370 2680 6.
388 2622 482 2680 Nescio
490 2640 526 2674 arr
535 2621 701 2694 satiusfum't
710 2619 811 2696 populo
850 2624 941 2692 Quum
952 2629 1022 2680 enim
1038 2629 1121 2680 Roma
1134 2645 1148 2680 a
1161 2628 1293 2701 principio
1304 2647 1355 2700 per

308 2707 442 2774 Romano,
451 2718 501 2758 etc.
511 2703 621 2776 Fgregie
629 2703 700 2756 hanc
709 2717 812 2757 senten·
849 2706 902 2757 vim
916 2718 943 2758 et
955 2704 1110 2775 latrocinia,
1122 2726 1171 2779 per
1182 2707 1223 2759 fas
1239 2719 1265 2758 et
1278 2708 1353 2761 nefas

309 2789 373 2840 tiam
383 2782 463 2837 refert
474 2785 531 2854 ipss
541 2785 625 2835 Rome
634 2779 707 2852 apud
717 2781 810 2834 Claud.
850 2781 991 2854 imperium
1003 2787 1200 2852 constituisset,
1211 2786 1238 2837 in
1250 2803 1283 2838 eo
1296 2785 1352 2840 dis·

308 2858 623 2925 commandatum&
632 2857 813 2932 uheuprosps·
850 2865 960 2917 crimine
971 2864 1136 2934 versabatur,
1146 2879 1178 2918 ut
1186 2866 1298 2938 periret,
1308 2879 1353 2920 aut

311 2939 594 3010 srafatalQnidsnihi
601 2953 725 3012 septenos
735 2959 812 2994 mon·
851 2961 943 2998 omnes
963 2945 1098 3018 subigeret
1119 2945 1258 3019 populos:
1280 2945 1353 3020 quod

311 3015 818 3095 «resturbamqucdsdismunparvd
850 3019 959 3093 quidem
974 3025 1074 3096 optime
1089 3027 1217 3097 expressit
1231 3027 1354 3080 Morm-

311 3124 388 3158 «non
396 3115 488 3177 posset
494 3101 547 3154 stit
556 3099 660 3154 felicior
665 3117 750 3154 essem
755 3101 810 3154 An·
849 3115 945 3170 oman,
962 3102 1102 3156 omnam
1113 3115 1139 3157 et
1151 3104 1299 3158 Dleadence
1311 3105 1354 3158 des

311 3187 416 3259 «gustis
436 3183 552 3257 opibus:
570 3181 676 3236 mallem
696 3181 809 3237 tolerare
849 3179 990 3248 Romaim,
1011 3179 1087 3254 clap.
1107 3181 1141 3232 1.·
1167 3185 1271 3236 «Rome
1289 3183 1354 3236 (tait

311 3267 460 3330 «Sabinos,
474 3263 508 3314 Et
520 3263 616 3324 Veios3
629 3259 734 3313 brevior
746 3259 810 3313 duxi
849 3257 916 3313 dans
922 3278 1069 3334 assequens
1075 3259 1197 3315 eumelio
1204 3275 1229 3315 et
1235 3266 1354 3338 torq'oun

312 3342 450 3396 ssecura'us
458 3355 541 3392 evum
548 3337 807 3410 ;lpsenocotmoles:
850 3337 977 3392 violente:
988 3357 1027 3407 or,
1037 3357 1088 3392 urse
1097 3341 1187 3394 ration
1198 3345 1312 3416 toujorrrs
1319 3362 1352 3396 en

310 3446 323 3471 ι
332 3425 432 3476 utinam
446 3437 564 3472 remeare
579 3417 669 3471 liceret
682 3417 725 3471 Ad
736 3432 810 3472 vete-
846 3435 951 3492 quem,
968 3430 993 3470 st
1006 3435 1058 3489 par
1069 3418 1190 3492 principe
1201 3423 1233 3474 de
1241 3441 1352 3496 porroet-

311 3485 808 3569 ·mslinemstmoeniapatipsrisdncit
849 3498 1350 3577 rement-devaitrrdcessairementplrir,

310 3579 488 3634 «Sufficerent
507 3578 618 3630 Etrusca
637 3575 717 3639 milri,
736 3595 809 3630 cam·
849 3577 1324 3636 onmirdboutdstouterlesautmr.
1335 3605 1347 3629 ι

310 3679 455 3738 :panaque
474 3657 562 3724 culta,
579 3659 612 3710 Et
629 3658 738 3727 Quincti
752 3661 808 3713 Cu·
848 3683 884 3694 -
896 3655 999 3710 Vtetur
1012 3657 1065 3710 suis
1081 3657 1254 3732 confiomtssr.
1272 3658 1349 3713 Unda

308 3745 415 3818 ariique
433 3758 521 3812 seges,
542 3739 687 3813 patrieque
707 3741 809 3810 petenti
848 3735 1348 3808 Virgiliusexdamagffl'neidffkffissr

308 3823 453 3876 «Rusticus
465 3819 575 3873 inferret
589 3819 712 3890 proprias
723 3817 809 3871 dicta-
850 3840 863 3865 ι
872 3819 932 3870 Neu
942 3821 1032 3890 patriar
1040 3818 1141 3873 validas
1149 3821 1178 3873 in
1187 3821 1352 3874 sinceraret»

309 3915 373 3954 «tor
383 3901 515 3953 aristas!-
529 3897 594 3966 Qurs
603 3895 710 3969 quidem
718 3911 807 3950 sutem
851 3898 918 3950 stite
930 3901 1013 3952 vires!
1025 3922 1037 3948 ι

306 3981 435 4033 sententis
445 3998 476 4033 ea
484 3991 610 4048 estqnanr
620 3977 738 4047 prolerre
748 3996 808 4048 pos·
883 3978 908 4032 8.
930 3979 1083 4032 Gracchana
1094 3990 1120 4031 et
1130 3979 1218 4052 prima
1228 3991 1349 4034 &secun-

306 4061 442 4130 sitpoota,
453 4072 480 4111 rt
490 4075 545 4110 non
554 4055 708 4122 historicus,
719 4073 807 4108 rerum
847 4059 889 4113 dn.
901 4058 1002 4113 Tiberii
1015 4073 1041 4114 et
1054 4060 1111 4112 Caii
1124 4060 1303 4113 Gracchorum
1313 4059 1349 4114 dc

305 4155 511 4210 caussarumque
544 4135 662 4188 omnium
694 4137 816 4208 peritus.'
848 4137 943 4210 quibus
963 4138 1021 4192 vide
1039 4139 1108 4192 infra
1124 4156 1183 4210 cap.
1200 4137 1269 4208 XIV,
1290 4139 1347 4194 XV.
