3108 4950
315 479 357 564 96
642 477 678 538 n.
704 476 864 538 Anum
888 473 1033 538 mom

315 615 514 700 cumatque
526 597 758 671 Corniculum
770 600 973 694 provinciae.
987 599 1042 668 De
1053 595 1193 668 Verulis
1206 614 1240 670 et
1251 598 1365 671 Bovil-

280 714 355 792 rtis
378 714 506 812 pudet;
531 713 594 786 sed
615 711 922 810 triumphavimus.
943 711 1057 784 Tibur
1077 738 1171 784 nunc
1190 711 1366 785 suburba-

315 856 418 918 num,
432 845 466 902 et
482 833 606 902 aestivae
624 831 797 900 Praeneste
814 826 965 918 deliciae,
984 832 1195 926 nuncupatis
1210 833 1247 901 in
1260 830 1366 926 Capi-

280 959 296 1011 8
314 944 400 1019 tolio
410 951 516 1035 votis,
526 944 751 1044 petebantur.
765 944 960 1016 idemtunc
971 943 1127 1035 Faesulae,
1138 943 1237 1044 quod
1246 946 1364 1016 Carrae

314 1083 444 1156 nuper:
459 1057 555 1130 idem
569 1085 693 1130 nemus
704 1061 903 1148 Aricinum,
916 1058 1014 1156 quod
1027 1061 1226 1158 Hercynius
1238 1057 1361 1130 saltus:
1412 1079 1416 1085 ·

314 1174 497 1275 Fregellae,
508 1174 607 1274 quod
618 1175 865 1248 Gesoriacum:
876 1174 1031 1266 Tiberis,
1044 1173 1142 1274 quod
1154 1171 1362 1272 Euphrates.

280 1312 297 1364 9
314 1292 477 1367 Coriolos
485 1319 640 1393 quoque,
650 1290 741 1390 proh
754 1289 887 1389 pudor!
899 1295 1009 1364 victos
1019 1289 1110 1364 adeo
1117 1289 1238 1390 gloriae
1245 1287 1362 1378 fuisse,

314 1424 354 1478 ut
369 1423 514 1504 captum
531 1407 705 1505 oppidum
723 1407 827 1478 Caius
846 1407 1000 1478 Marcius
1021 1404 1247 1493 Coriolanus,
1263 1409 1363 1504 quasi

312 1576 402 1628 gressu
415 1571 454 1610 est
468 1556 584 1632 Repillus
596 1558 676 1612 lacus.
691 1561 816 1624 Srtnrns,
858 1555 971 1627 adjecto.
992 1559 1106 1612 Faesulas
1125 1569 1215 1610 autem
1230 1573 1318 1626 neque
1335 1557 1361 1606 in

314 1658 345 1690 ex
360 1641 433 1690 Livio
449 1641 500 1703 lli,
517 1639 566 1704 25,
586 1653 612 1690 et
631 1638 765 1710 deinceps.
782 1669 817 1679 -
858 1659 941 1707 noro,
952 1659 1039 1712 neque
1051 1643 1078 1693 in
1092 1643 1202 1710 antiquo
1217 1639 1291 1690 Latio
1307 1636 1363 1689 nul·

312 1718 450 1768 Satricum.
465 1716 535 1768 Urbs
546 1719 683 1770 Antiatum
693 1719 720 1769 in
731 1720 814 1771 Latio.
855 1715 897 1770 lus
912 1738 1038 1791 umquam
1055 1722 1172 1790 scriptor
1185 1735 1363 1771 connumera·

313 1827 349 1838 -
359 1795 534 1848 Comiculum.
556 1799 625 1851 Urbs
645 1799 696 1852 alia
718 1803 745 1850 in
766 1799 817 1851 La·
855 1801 900 1850 rit.
911 1830 947 1840 -
961 1803 1053 1853 Carroe.
1067 1800 1136 1852 Urbs
1151 1800 1361 1870 Mesopotamia,

314 1879 360 1928 tio.
379 1905 415 1916 ·—
434 1876 543 1928 Verulis.
565 1878 669 1931 Veruloe
687 1878 757 1930 idem
777 1893 816 1932 est
856 1879 894 1928 sic
909 1880 1045 1932 nominata
1063 1898 1078 1930 a
1094 1877 1209 1942 Carrltoe,
1225 1878 1304 1950 Syriae
1317 1877 1363 1928 llu-

313 1954 386 2026 quod
398 1955 560 2008 Verulanum
571 1959 637 2010 latii
648 1956 813 2029 oppidnmin
856 1959 934 2012 mine.
953 1961 1002 2012 Hic
1019 1975 1107 2013 autem
1126 1960 1219 2011 florus
1236 1958 1269 2011 de
1287 1955 1362 2010 clade

312 2037 446 2100 Hernicis,
466 2055 520 2088 non
538 2036 617 2108 longe
636 2037 670 2090 ab
684 2037 766 2090 Urbe.
779 2063 814 2074 -
855 2035 1363 2109 Crassiloquitur.—NcmusAricinnm:

291 2131 296 2141 ¹
313 2113 429 2166 Bovillis.
438 2114 542 2165 Bovillas
553 2128 579 2166 et
588 2114 669 2167 hodie
679 2128 757 2167 notae.
766 2115 817 2165 Ex·
857 2117 914 2167 Hoc
933 2135 1029 2169 nemus
1043 2119 1070 2169 in
1083 2119 1159 2170 Latio
1175 2129 1228 2183 est,
1247 2129 1363 2188 quatuor

314 2207 383 2248 stant
401 2197 488 2248 tenuis
505 2197 580 2248 istius
599 2199 737 2267 municipii
754 2197 816 2250 reli·
857 2194 938 2246 millia
955 2213 1085 2266 passuum
1103 2196 1136 2248 ab
1149 2198 1235 2248 Arici·
1252 2193 1360 2247 distans.

314 2274 398 2342 qnioe,
409 2275 514 2325 circiter
525 2274 640 2325 medium
653 2275 686 2327 ab
698 2274 769 2328 Urbe
781 2274 818 2326 ls-
856 2303 893 2312 -
910 2275 1056 2346 Hercynius
1070 2276 1158 2330 saltus.
1176 2280 1205 2328 ln
1224 2276 1363 2327 Germania

313 2351 401 2423 pidem
414 2355 441 2405 in
453 2357 496 2406 via
508 2358 604 2426 Appia.
618 2360 761 2408 Pomanus.
858 2369 895 2407 est
904 2377 909 2406 ι
919 2354 1021 2408 dierum
1032 2359 1225 2428 sexagintaiter
1233 2373 1363 2426 occupare

350 2452 374 2504 7.
385 2435 472 2487 Tibur.
484 2437 525 2487 Ad
535 2437 690 2506 vigesimum
700 2435 733 2488 ab
744 2437 816 2488 Urbe
857 2433 963 2485 dicitur.
975 2436 1023 2486 Hic
1033 2435 1126 2488 Florus
1136 2436 1255 2508 loquitur
1265 2434 1298 2487 de
1307 2434 1364 2486 bel-

313 2514 442 2584 lapidem,
455 2515 502 2569 ubi
518 2516 610 2570 divites
625 2519 737 2570 Romani
752 2537 817 2590 proe·
856 2512 883 2564 lo
904 2514 1022 2580 Gallico,
1042 2530 1069 2569 et
1086 2517 1120 2569 de
1137 2519 1274 2570 Germanis
1295 2534 1361 2588 quos
1463 2523 1468 2533 '

313 2596 356 2648 dia
367 2596 499 2663 habuere,
509 2601 536 2650 in
548 2598 644 2669 quibus
654 2601 742 2651 aesnvo
752 2617 816 2670 prae-
856 2591 951 2661 Caetar,
965 2613 1014 2667 per
1025 2598 1165 2669 Hercyniae
1183 2595 1266 2667 sylvas
1285 2611 1362 2646 secu-

313 2677 390 2745 cipue
416 2688 533 2746 tempore
562 2677 814 2740 commorabantur,
856 2671 1359 2745 tunngavtt.nnuma-fraqettoe.

313 2767 422 2824 propter
433 2758 500 2807 aeris
512 2755 549 2807 ibi
561 2759 771 2826 temperantiam.
779 2787 816 2796 ——
856 2753 992 2825 Oppidum
1005 2757 1166 2822 Latinorum,
1174 2773 1228 2806 non
1241 2753 1362 2826 procula

313 2835 419 2885 AEstivoe
427 2835 553 2888 Proeneste
561 2834 668 2887 delieioe.
676 2834 745 2888 Urbs
754 2837 816 2889 Prae·
856 2834 909 2884 Liri
926 2851 1013 2886 amne.
1032 2865 1067 2874 -
1089 2836 1262 2887 Gesoriacum.
1281 2831 1362 2902 Quod

277 2923 287 2948 ¹
314 2925 386 2965 nesta
400 2913 481 2966 distat
495 2934 509 2966 a
522 2916 605 2966 iloma
618 2916 646 2966 in
660 2929 747 2967 ortum
762 2929 815 2968 sta·
857 2913 908 2963 init
931 2927 1023 2984 portus
1041 2915 1207 2967 Morinorum
1229 2915 1256 2964 in
1277 2911 1362 2965 Gallia

314 2989 364 3044 diis
373 2991 509 3047 ducentis:
523 2995 579 3064 ejus
590 2995 656 3046 situs
665 3013 680 3044 a
691 2993 815 3062 Strabv,
857 2989 977 3059 belgica,
994 3009 1066 3043 nunc
1080 3009 1143 3061 vero
1161 2987 1276 3044 caletum
1293 2987 1362 3059 (ca-

314 3068 478 3123 describitur.
491 3072 603 3124 AEstivas
615 3085 703 3123 autem
713 3071 817 3124 delicias
859 3065 939 3138 lats),
956 3082 987 3120 “t
1003 3083 1043 3122 est
1061 3071 1169 3142 opinio,
1187 3069 1290 3122 dicitur.
1311 3066 1361 3120 Alii

313 3149 382 3202 hanc
394 3151 488 3202 urbem
499 3150 592 3203 Florus
604 3155 768 3224 v0021,quia
780 3151 818 3203 ibi
859 3145 962 3200 malunt
973 3147 1095 3201 Soiccum
1111 3167 1167 3202 esse
1182 3150 1258 3216 juxta
1269 3144 1361 3197 Audo-

313 3234 426 3285 Romani
444 3246 639 3304 patestatem,
661 3232 817 3284 immodicos
858 3230 924 3280 mari
937 3230 1039 3283 lanum.

314 3311 377 3364 solis
389 3311 498 3364 ardores
510 3311 610 3364 vitandi
622 3329 731 3376 caussa,
745 3331 817 3365 sece-
848 3323 850 3326 '
895 3324 920 3376 9.
935 3307 1075 3361 Coriolos...
1088 3311 1173 3360 uictos.
1186 3309 1282 3379 Seripti
1293 3325 1361 3359 non-

315 3389 376 3442 dere
389 3389 518 3443 solebant.
859 3383 926 3436 nulli
939 3384 1038 3437 habent
1052 3387 1195 3439 Coriolus...
1209 3388 1298 3439 victus.
1310 3385 1362 3437 Co-

350 3468 375 3520 8.
386 3467 652 3535 Foesuloeffluverius,
664 3470 741 3522 nali„
752 3473 818 3523 anti.
858 3463 919 3515 rioli
932 3479 1020 3516 autem
1032 3479 1105 3518 erant
1117 3464 1197 3518 italiae
1208 3465 1287 3532 urbs,
1297 3464 1361 3516 Vol·

316 3563 371 3617 qusr
384 3545 429 3596 lib.
443 3547 481 3612 ll,
495 3565 521 3617 p.
536 3547 603 3612 510,
618 3550 739 3620 ineptum
754 3567 818 3601 aue-
858 3562 965 3596 scoram
979 3545 1140 3616 metropolis.
1151 3547 1275 3598 -Caius
1286 3546 1360 3596 Mar·

316 3638 399 3676 torem
412 3637 533 3676 nostrum
545 3627 647 3696 arguit,
658 3627 731 3699 quod
743 3645 818 3678 com·
858 3627 918 3678 citu.
932 3628 985 3677 Lis.
1002 3627 1110 3678 Cnaeum
1124 3627 1255 3679 Marcium
1269 3639 1344 3677 vocat
1352 3645 1359 3686 ς

315 3703 818 3772 memorationirerumLatinarum‚Fe·
858 3709 1000 3778 Dionysius
1008 3706 1360 3762 antemHalic.Plutarchus·

316 3783 403 3848 sulas,
423 3783 561 3838 Etr-ruscum
581 3783 816 3851 urbem,misceat.
859 3804 910 3857 que
932 3805 993 3837 cum
1013 3787 1114 3840 Nostro
1135 3787 1235 3840 Caium.
1255 3817 1289 3824 -
1308 3785 1362 3839 No·

315 3864 377 3915 Non
389 3863 433 3916 hic
444 3883 492 3935 pro
505 3865 659 3918 defensione
673 3866 763 3916 Nostri
777 3865 818 3916 ai·
857 3866 925 3916 mini
937 3865 1057 3918 induerit.
1074 3869 1111 3918 lta
1126 3863 1303 3937 probatissimi
1317 3883 1361 3915 co-

315 3942 383 3996 ferre
396 3962 553 4014 possumus,
568 3942 641 4014 quod
652 3961 733 4012 supra
746 3960 771 4011 7,
783 3944 817 4009 4,
858 3942 943 4006 dices,
955 3943 1099 4016 pluresque
1109 3941 1178 3995 MSS.
1190 3942 1305 4010 Quidam
1318 3947 1361 3993 ati-

316 4021 348 4074 de
368 4024 490 4092 Volscis,
513 4026 605 4096 AEquis
629 4035 655 4076 ct
678 4025 816 4089 Hernicis,
857 4035 910 4074 tem
918 4040 987 4093 quos
995 4018 1360 4088 interGraeriusanerusque

316 4103 362 4172 qui
378 4102 502 4172 quidem,
516 4105 536 4155 si
552 4121 607 4154 non
620 4103 729 4172 antiquo
742 4104 816 4154 Latio
857 4117 988 4173 respuunt
1003 4103 1120 4166 nomini,
1136 4114 1296 4172 reponentes
1314 4118 1359 4150 no·

315 4179 529 4245 includebantur,
540 4193 566 4232 at
576 4179 667 4233 saltem
676 4198 755 4246 noro,
763 4183 816 4232 sire
858 4201 916 4234 nien
923 4220 933 4250 ,
944 4199 1039 4252 quum,
1052 4179 1191 4251 inquiunt,
1202 4181 1310 4230 omnino
1320 4178 1359 4229 iu·
