3160 4948
483 517 488 526 ’
578 543 967 611 precurramus.
1069 479 1074 500 ’
1233 544 1297 626 245

253 665 366 741 chana
386 683 422 739 et
441 671 558 767 prima
579 683 615 740 et
634 666 807 759 secunda,
833 684 868 740 ct
891 665 951 740 illa
975 670 1079 739 tertia
1102 665 1298 765 Apuleiana

251 781 388 856 seditio.
413 781 517 855 Unde
541 799 703 882 regnaret
720 781 916 883 judiciariis
937 780 1075 882 legibus
1100 780 1255 855 divulsus
1278 808 1299 855 a
1333 813 1350 865 9

251 914 374 971 senatu
384 923 507 998 eques,
519 903 585 971 nisi
597 925 640 972 ex
654 903 816 990 avaritia,
829 914 869 971 ut
880 897 1065 998 vectigalia
1076 897 1298 996 reipublicae,

251 1030 357 1113 atque
371 1018 448 1115 ipsa
461 1014 597 1115 judicia
611 1021 649 1088 in
666 1032 800 1116 qimam
814 1013 1053 1089 haberentur?
1067 1016 1162 1088 Hinc
1181 1041 1299 1088 rursus

252 1147 288 1204 et
300 1136 473 1230 promissa
492 1136 614 1205 civitas
629 1134 751 1224 Latio,
769 1149 804 1207 et
817 1159 883 1232 per
901 1129 971 1205 hoc
990 1156 1088 1204 arma
1107 1135 1296 1205 sociorum.

250 1245 349 1334 Quid
364 1261 482 1320 autern
499 1243 593 1320 bella
607 1247 772 1320 servilia?
783 1247 880 1320 unde
898 1245 1019 1336 nohis,
1040 1250 1106 1320 nisi
1128 1272 1170 1319 ex
1187 1245 1299 1319 abun-
1321 1281 1350 1316 ιο

251 1358 733 1436 dantiafamiliarumlUnde
745 1360 946 1462 gladiatorii
958 1360 1123 1434 adversus
1135 1360 1300 1434 dominos

251 1503 331 1550 suos
353 1481 544 1568 exercitus,
566 1481 632 1549 nisi
654 1476 700 1550 ad
722 1476 984 1550 conciliandum
1005 1475 1119 1576 plebis
1138 1475 1300 1552 favorem

253 1591 366 1664 effusa
385 1591 542 1693 largitio,
566 1619 677 1693 quum
697 1591 905 1693 spectaculis
924 1591 1103 1693 indulget,
1126 1589 1301 1691 supplicia

253 1705 434 1808 quondam
445 1705 601 1785 hostimn
613 1725 725 1780 artem
736 1706 840 1781 facit?
850 1709 930 1781 Jsm
939 1724 979 1780 ut
990 1709 1301 1807 speciosiora'vitia
1322 1732 1348 1766 ¹¹

252 1837 451 1922 tangamus,
468 1849 588 1896 nonne
606 1823 759 1900 ambitus
776 1820 956 1897 honorum
973 1821 1018 1896 ah
1033 1821 1159 1910 iisdem
1171 1819 1301 1894 divitiis

252 1937 436 2011 incitatus?
450 1940 560 2040 Atqui
577 1939 660 2014 inde
676 1941 857 2032 Mariana,
881 1939 964 2013 inde
985 1937 1127 2040 Syllana
1147 1955 1302 2037 tempes-

251 2071 314 2128 tas.
333 2058 403 2128 Aut
422 2055 628 2156 magnificus
647 2061 839 2155 apparatus
862 2059 1130 2145 conviviorum,
1152 2069 1188 2126 et
1207 2080 1302 2127 sum·
1321 2096 1351 2134 η

251 2186 353 2244 tuosa
365 2169 522 2272 largitio,
538 2198 658 2246 nonne
675 2171 719 2244 ab
738 2171 919 2272 opulentia
935 2175 1095 2271 paritura
1108 2195 1193 2242 mox
1207 2195 1301 2269 eges·

252 2287 489 2400 tatemifflaec
514 2285 704 2392 Catilinam
725 2291 848 2386 patriae
867 2303 937 2387 suae
957 2289 1116 2386 impegit.
1137 2287 1300 2385 Denique
1321 2307 1351 2360 13

252 2399 312 2475 illa
329 2407 407 2502 ipsa
422 2393 689 2504 principatuset
705 2403 914 2477 dominandi
930 2402 1087 2503 cupido,
1099 2401 1214 2495 unde,
1233 2404 1300 2475 nisi

253 2545 295 2592 ex
315 2517 431 2594 nimiis
452 2521 598 2620 opibus,
621 2521 746 2595 veniti·
760 2522 869 2621 Atqui
893 2519 978 2607 haee,
994 2522 1170 2594 Caesarem
1193 2535 1300 2619 atque
1357 2598 1361 2607 ,

251 2637 462 2736 Pompeium
489 2635 672 2712 furialibus
700 2641 737 2739 in
763 2641 907 2710 exitium
935 2635 1138 2736 reipublicae
1162 2634 1300 2714 facibus

253 2757 402 2828 armavit
916 2746 920 2762 ’

298 2870 376 2940 Hos
387 2778 495 2968 igitur
505 2867 631 2967 populi
645 2871 795 2942 Romani
808 2895 931 2942 omnes
943 2869 1156 2942 domesticos
1165 2885 1298 2958 motus,
1320 2889 1351 2956 14

250 2973 432 3080 separatos
446 2980 492 3054 ab
507 2988 657 3056 externis
667 2983 839 3084 justisque
850 2981 968 3074 bellis,
983 3009 1025 3056 ex
1040 2979 1166 3055 ordine
1179 3007 1298 3082 proso

252 3121 414 3195 qucmur.

253 3344 287 3356 -
300 3315 450 3390 Apuleiana
461 3316 561 3374 reditio.
575 3319 699 3394 Appulcii
711 3321 755 3376 Sa·
836 3337 876 3374 tt.
885 3321 1044 3396 Specicum
1053 3319 1124 3373 attia.
1134 3319 1173 3372 Ea
1183 3317 1298 3386 scilicet,

253 3397 367 3465 turnini,
379 3417 440 3471 cap.
453 3399 522 3452 XVI.
797 3419 855 3472 quae
867 3402 982 3474 speciem
996 3399 1138 3472 quomdam
1151 3396 1259 3471 pulchri
1271 3411 1298 3450 et

287 3493 312 3546 9.
325 3478 473 3532 Judiciariis
485 3478 592 3552 leqilm.
604 3477 754 3534 ludiciariae
794 3482 897 3534 virtutis
907 3477 1037 3543 habeaut;
1047 3477 1153 3532 Sallust.
1163 3476 1239 3530 Catil.
1247 3477 1297 3532 XI:

251 3553 754 3634 logeshicecsunt,quihusadeqnites
797 3557 871 3612 *Sed
886 3560 972 3630 primo
988 3559 1072 3630 magis
1091 3557 1199 3610 ambitio
1218 3571 1298 3628 quam

251 3637 384 3693 Romanos
394 3657 408 3690 a
419 3653 510 3692 senatu
518 3639 619 3710 judicia
628 3641 753 3695 translata
798 3664 810 3688 a
819 3641 929 3692 avaritia
938 3639 1040 3692 animos
1049 3637 1187 3691 hominurn
1197 3653 1298 3688 exerce-

251 3730 321 3770 mnt
332 3717 472 3774 EasCaius
481 3719 615 3776 Gracchus
626 3721 693 3774 tulit.
706 3725 751 3776 Eo.
797 3717 879 3771 uhot:
894 3717 966 3790 quod
979 3731 1066 3770 umen
1081 3717 1171 3769 vitium
1186 3714 1297 3786 propius

250 3797 348 3850 Datur.
797 3797 942 3850 “virtutem
957 3809 1020 3848 erat.
1032 3819 1044 3843 ι

291 3893 330 3929 ιο.
346 3877 405 3931 Nisi
418 3877 453 3929 ad
464 3878 697 3934 conciliandum...
709 3898 752 3933 ar·
833 3895 872 3930 ra.
892 3877 956 3930 Hac
976 3872 1118 3940 &filinam
1135 3869 1228 3942 Pam
1245 3887 1297 3926 Μ

251 3964 303 4008 tem
310 3955 389 4027 facit.
399 3957 456 4010 Nisi
465 3959 637 4012 immoderata
647 3958 752 4031 largitio
793 3959 910 4030 impegit.
917 3956 959 4009 Sic
967 3955 1054 4008 Cesar
1061 3950 1134 4026 apud
1141 3952 1296 4006 Suetonium

253 4033 286 4086 ad
302 4035 462 4108 captandam
477 4037 564 4110 plebis
579 4058 683 4106 auram,
695 4057 753 4110 quc
793 4030 1295 4106 dicit,iis·quosmaj0rcriminumvel

253 4133 335 4185 quum
357 4117 516 4187 spectaculis
537 4116 644 4186 studet,
669 4131 753 4172 artem
792 4117 912 4189 sinopiae
934 4114 1096 4185 luxuriaeque
1116 4113 1154 4168 ris
1174 4126 1295 4186 urgerat,

253 4191 352 4262 reddit,
369 4193 444 4270 quod
458 4194 522 4250 olim
532 4197 753 4270 iuitsupplicium
797 4213 898 4268 uquam
918 4206 949 4247 ut
967 4193 1099 4248 subveniri
1115 4206 1204 4266 postet
1221 4209 1295 4256 ⁸⁵⁶2

253 4269 378 4328 hostium.
798 4300 808 4324 ι
819 4295 886 4349 opus
899 4293 955 4330 ease
967 4273 1037 4328 betto
1050 4273 1149 4328 cicili·
