3026 4956
345 491 407 556 388
683 490 820 556 LUCII
847 490 1052 556 AMPELll

344 613 447 715 Sylla
467 618 653 688 Ponticam
672 619 897 714 provinciam
917 612 1190 714 voluiteripere
1207 641 1274 715 per
1291 641 1403 717 roga-

343 735 478 805 tionem
492 731 639 831 Sulpicii
653 731 790 834 tribupi
805 728 929 830 plebis.
948 729 1044 831 Sylla
1058 729 1260 832 indignatus
1276 737 1401 806 conti—

342 871 415 918 nuo
433 845 479 920 ad
496 851 690 920 exercitum
709 851 881 945 perrexit,
904 862 1041 919 etcum
1059 846 1141 920 urbi
1160 847 1337 937 admovit;
1359 865 1402 922 et

343 969 379 1036 in
396 969 551 1065 patriam
564 969 755 1064 ingressus,
773 963 992 1064 Capitolium
1007 970 1206 1066 occupavit.
1223 968 1306 1058 Quo
1322 982 1401 1040 ter-

342 1105 424 1153 rore
437 1085 551 1152 victus
566 1082 730 1171 Senatus,
748 1082 866 1152 Mario
882 1084 1020 1179 totique
1033 1078 1180 1153 factioni
1197 1080 1271 1178 ejus
1286 1085 1400 1153 inter-

341 1193 440 1266 dixit.
462 1193 629 1267 Profccto
649 1194 778 1268 deinde
797 1197 834 1265 in
851 1197 970 1268 Asiam
991 1193 1101 1293 Sylla,
1123 1197 1257 1268 Marius
1275 1194 1398 1268 ²exsul

341 1335 453 1411 quum
466 1308 696 1409 profugisset,
716 1335 758 1382 ac
770 1313 927 1409 primum
938 1311 1129 1384 Minturnis
1145 1313 1181 1382 in
1198 1307 1329 1409 palude
1345 1309 1398 1382 la-

340 1429 478 1514 tuisset,
498 1441 577 1497 tum
593 1424 775 1523 conjectus
793 1429 830 1496 in
849 1450 1028 1498 carcerem
1050 1429 1230 1514 evasisset,
1250 1429 1397 1497 interim

340 1542 455 1612 Cinna
473 1556 509 1614 et
525 1543 696 1614 Octavius
713 1545 751 1613 in
768 1539 861 1613 urbe
880 1557 1013 1630 essent;
1032 1539 1079 1613 ob
1098 1539 1184 1630 hoc,
1205 1545 1395 1613 occasione

339 1652 440 1745 data,
461 1657 596 1727 Marius
616 1655 726 1744 redit,
748 1671 840 1728 etse
861 1681 944 1727 cum
965 1656 1079 1728 Cinna
1098 1655 1272 1754 adjunxit,
1292 1661 1395 1728 victis

339 1772 544 1843 Octavianis
560 1771 732 1870 partibus.
751 1773 888 1870 Septies
903 1768 1026 1844 consul
1041 1787 1179 1844 creatus
1196 1776 1394 1844 saevissimis

338 1884 496 1960 caedihus
515 1903 630 1960 totam
650 1886 778 1959 urbem
798 1886 996 1960 funestavit.
1020 1886 1115 1987 Sylla
1135 1891 1279 1960 interim
1296 1893 1393 1960 victo

222 2087 230 2094 ι
338 2001 548 2076 Mithridate
562 2006 600 2074 in
613 2001 741 2074 urbem
754 2027 931 2094 reversus,
946 2027 1062 2102 prope
1075 2018 1189 2077 totam
1203 2001 1343 2075 ltaliam
1357 2007 1394 2075 in
1490 2037 1491 2044 ¹

340 2123 447 2192 armis
458 2123 608 2210 invenit,
622 2119 688 2192 sub
696 2103 827 2219 juvenc
838 2121 956 2191 Mario
968 2121 1075 2191 Marii
1086 2117 1160 2191 filio
1174 2147 1180 2188 :
1196 2118 1259 2191 sed
1269 2144 1393 2191 omnes

343 2238 417 2338 ejus
434 2241 555 2334 copias
570 2241 702 2334 partim
716 2241 754 2308 in
767 2239 909 2309 Etruria
922 2234 969 2308 ad
985 2238 1245 2334 Sacriportum,
1260 2239 1392 2333 partim

339 2353 386 2425 ad
405 2351 582 2425 Collinam
601 2369 746 2451 portam
764 2355 973 2452 prostravit;
994 2367 1031 2424 et
1047 2351 1212 2451 reliquias
1231 2350 1392 2424 adversa·

338 2473 476 2541 riorum
487 2493 630 2558 eorum,
647 2474 758 2576 quise
772 2467 1000 2558 dediderant,
1016 2472 1053 2541 in
1066 2465 1152 2541 villa
1164 2466 1312 2566 publica
1322 2485 1392 2541 tru-

338 2583 481 2658 cidavit.
508 2587 581 2677 Qui
602 2583 836 2685 diffugerant,
862 2589 899 2656 in
921 2583 1044 2658 tabula
1064 2589 1289 2686 proscripsit,
1312 2585 1391 2683 jure

338 2704 529 2798 permisso,
544 2716 584 2772 ut
599 2701 891 2774 interficerentur.

780 3185 950 3261 XLIII.

220 3467 222 3477 ¹
341 3442 475 3516 ORDO
492 3443 626 3514 BELLI
645 3443 786 3514 INTER
804 3440 1033 3512 CAESAREM
1052 3441 1113 3511 ET
1129 3439 1390 3512 POMPEIUM.
1471 3479 1472 3484 =

388 3691 521 3779 Caesar,
548 3705 583 3762 et
610 3691 821 3795 Pompeius,
845 3704 881 3760 et
906 3691 1066 3780 Crassus,
1095 3691 1181 3760 inita
1207 3691 1390 3768 societate,

339 3809 532 3904 imperium
552 3806 797 3878 Romanorum
817 3802 1058 3902 possidebant.
1082 3803 1200 3876 Caesar
1220 3799 1391 3884 Gallicos,
1464 3819 1466 3909 J

338 3922 483 3994 Crassus
497 3919 660 4018 Syriacos
673 3922 846 3992 exercitus
858 3914 1026 3991 habebat.
1042 3919 1250 4015 Pompeius,
1263 3913 1392 3987 horum
1462 3935 1464 4018 ρ

337 4036 472 4110 viribus
500 4033 626 4126 fretus,
653 4039 689 4105 in
717 4035 848 4108 Senatu
872 4031 1137 4105 dominabatur.
1166 4011 1258 4102 ΡοεῐΙ
1279 4031 1391 4101 Crassi
1460 4049 1462 4132 J

350 4199 352 4204 Ι
375 4239 398 4273 a.
412 4220 503 4273 Exsul.
519 4222 643 4275 Heinsius
659 4222 796 4274 addiderat
808 4219 897 4274 Italia.
