3156 4950
515 539 658 602 nisan
681 507 945 602 SECUNDUS.
1196 537 1254 603 163

211 689 279 764 que
293 663 399 762 fugit,
415 678 450 734 et
464 665 583 750 cessit,
601 678 637 734 et
650 665 687 732 in
703 659 868 751 ultimum
883 686 919 732 se
934 659 1041 733 ltaliae
1059 666 1195 758 recepit
1213 666 1257 732 si-

209 803 310 868 num,
325 801 437 877 quum
451 776 588 850 Urbem
600 792 739 848 tantum
758 803 831 860 non
846 775 1030 848 adoratam
1047 774 1254 875 reliquisset.

209 897 321 965 Parva
339 917 395 964 res
415 891 529 981 dictu,
543 890 606 964 sed
629 890 675 962 ad
693 894 1021 990 magnanimitatem
1041 889 1166 989 populi
1180 895 1258 963 Ro·
1274 895 1308 963 47

210 1013 306 1080 mani
321 1005 546 1106 probandam
563 1010 645 1078 satis
660 1004 804 1093 efficax3
819 1004 919 1104 quod
932 1003 999 1076 illis
1013 1010 1115 1104 ipsis,
1129 1006 1258 1106 quibus

211 1121 441 1195 obsidebatur
456 1120 598 1210 diebus,
615 1147 710 1220 ager,
728 1145 836 1220 quem
854 1118 1007 1192 Annibal
1028 1126 1149 1192 castris
1169 1126 1257 1194 inse·

212 1238 329 1325 derat,
347 1235 480 1310 venalis
499 1238 623 1307 Romae
640 1233 726 1324 fuit,
741 1233 920 1334 bastaeque
936 1233 1112 1332 subjectus
1128 1239 1261 1306 invenit

213 1373 396 1430 emtorem.
425 1352 549 1425 Voluit
579 1348 733 1422 Annibal
757 1367 881 1422 contra
910 1349 1079 1422 fiduciam
1108 1355 1259 1439 imitari;
1278 1364 1313 1432 ts

212 1470 431 1570 subjecitque
449 1471 662 1567 argentarias
680 1465 786 1539 Urbis
802 1465 984 1556 tabernas;
1000 1492 1066 1539 nec
1082 1483 1199 1540 sector
1212 1473 1262 1538 in·

212 1603 338 1659 ventus
351 1603 419 1658 est:
438 1600 479 1655 ut
492 1588 598 1672 scias,
615 1587 722 1655 etiam
736 1588 905 1682 praesagia
919 1582 999 1654 latis
1013 1582 1129 1656 fuisse.

261 1697 358 1772 Nihil
378 1715 497 1772 actum
520 1713 596 1770 erat
614 1715 712 1770 tanta
729 1703 875 1790 virtute,
889 1713 989 1770 tanto
1009 1695 1132 1770 favore
1155 1703 1261 1770 etiam
1279 1703 1314 1772 49

213 1815 384 1903 dcomm3
409 1812 584 1912 siquidem
604 1810 797 1902 Asdrudal,
820 1811 932 1885 frater
954 1811 1154 1904 Annibalis,
1180 1838 1262 1884 eum

213 1933 370 2004 exercitu
382 1953 495 2017 novo,
512 1931 612 2001 novis
634 1927 784 2016 viribus,
800 1953 892 2000 nova
913 1925 998 2000 belli
1022 1927 1116 2000 mole
1139 1931 1262 2000 venie-

213 2043 285 2116 bat.
300 2046 430 2116 Actum
447 2059 523 2115 erat
536 2039 663 2141 procul
676 2041 806 2132 dubio,
822 2047 851 2113 si
864 2046 919 2114 vir
932 2041 991 2115 ille
1005 2043 1047 2114 se'
1056 2068 1139 2114 cum
1153 2041 1262 2114 fratre
1281 2057 1314 2110 50

211 2159 396 2256 junxisset3
413 2158 476 2231 sed
489 2156 584 2230 hunc
599 2182 743 2257 quoque
757 2175 872 2230 castra
887 2173 1080 2230 metantem
1094 2157 1262 2231 Claudius

214 2276 309 2346 Nero
332 2299 415 2345 carm
431 2276 534 2347 Livio
555 2271 750 2346 Salinatore
772 2271 938 2348 debellat.
963 2275 1057 2347 Nero
1079 2279 1116 2347 in
1136 2274 1261 2346 ultimo
1280 2285 1296 2341 5
1303 2305 1310 2338 ι

215 2386 323 2460 ltaliae
334 2387 463 2488 angulo
478 2385 713 2460 submovebat
726 2373 937 2462 Annibalem
947 2417 954 2459 :
964 2392 1083 2462 Livius
1098 2395 1134 2462 in
1149 2391 1261 2464 diver-

215 2507 385 2577 sissimam
403 2519 558 2602 partem,
575 2502 613 2574 id
628 2519 696 2594 est,
715 2507 751 2576 in
769 2507 861 2602 ipsas
875 2509 1049 2578 nascentis
1064 2504 1173 2578 ltaliae
1188 2505 1262 2579 fau-

250 2737 294 2803 46.
317 2737 476 2790 Ultimum...
495 2739 589 2792 sinum.
611 2736 641 2790 ld
660 2753 718 2804 est,
758 2751 829 2790 entre
843 2759 880 2793 ses
895 2741 1045 2813 maiusque
1061 2740 1097 2792 les
1112 2742 1264 2812 acqudreurs
1310 2729 1313 2736 ¹

217 2813 334 2867 ultimam
342 2834 424 2868 oram.
432 2818 589 2869 -Tautum
597 2835 651 2868 uon
660 2816 720 2869 ado-
758 2811 791 2870 eir
801 2819 949 2890 deposaieut
957 2816 981 2869 le
990 2818 1063 2890 prix,
1075 2837 1111 2868 ou
1119 2817 1263 2870 donnaient

217 2905 301 2944 ratum
317 2893 464 2965 reliquisset.
477 2895 566 2966 Vulgo
583 2895 721 2966 legebatur
759 2898 802 2950 des
810 2916 888 2970 qaqes
898 2898 929 2948 de
938 2897 1090 2950 utvatititt.
1102 2920 1113 2943 ι
1124 2898 1262 2950 -Secton

217 2971 441 3024 adortum.Editio
451 2974 476 3023 P.
487 2973 568 3026 habet
577 2975 719 3026 odoratam.
760 2975 859 3027 Gallice
879 2977 1031 3047 acquereur,
1053 2975 1181 3028 acbetcur.
1208 2977 1264 3028 «Le

218 3049 413 3103 Freinshemius
427 3065 515 3103 autem
530 3072 561 3104 ex
572 3053 645 3106 MSS.
658 3053 722 3104 ado-
761 3067 819 3106 mot
828 3069 916 3108 smnio
926 3075 951 3108 se
962 3055 1047 3126 prend
1055 3074 1125 3128 pour
1138 3055 1265 3128 l'acquisi-

219 3141 304 3184 ratem
326 3131 467 3182 revocarit.
489 3132 588 3196 Porro,
611 3130 723 3182 adorare
764 3135 817 3185 tion
836 3133 871 3184 du
890 3133 961 3184 butin
979 3131 1055 3185 d'une
1073 3133 1152 3202 ville,
1172 3135 1265 3186 eudes

217 3210 327 3276 urbem,
339 3223 379 3263 est
392 3210 484 3262 urbem
495 3210 625 3264 salutare:
640 3228 723 3281 quum
763 3211 831 3275 biens
841 3209 903 3260 d'un
912 3212 1018 3281 proserit
1026 3231 1061 3264 ou
1073 3212 1134 3264 d'un
1144 3214 1267 3266 condam·

219 3303 307 3342 antem
326 3288 352 3342 id
371 3289 427 3341 fieri
445 3303 575 3364 nequeat,
591 3291 641 3342 nisi
656 3306 723 3360 pro·
764 3289 803 3338 nd.
818 3312 829 3336 ι
843 3290 935 3356 Auru,
949 3288 1097 3362 Antiquitds
1113 3295 1264 3356 Romuines,

218 3372 278 3442 pius
288 3367 321 3421 ad
329 3369 422 3422 urbem
432 3369 583 3436 accedatur,
594 3369 655 3422 inde
666 3369 724 3422 Flo·
764 3378 833 3418 tome
843 3367 871 3432 1,
879 3385 941 3440 paq.
951 3368 994 3421 68.
1003 3371 1131 3422 -Etiam
1139 3375 1266 3445 praeania

218 3469 263 3502 rus
276 3451 381 3501 adorare
394 3451 481 3501 urbem
497 3451 606 3516 sumsit,
620 3469 671 3522 pro
683 3469 724 3501 ur·
758 3445 825 3518 fatis
833 3446 924 3518 fuisse.
936 3447 1077 3519 Eleganter
1082 3450 1150 3522 fatis
1160 3472 1210 3523 pro
1217 3454 1266 3524 fu-

218 3529 276 3578 lem
288 3527 395 3600 inquiri.
407 3530 457 3581 Hic
468 3531 550 3600 igitur
562 3545 654 3582 sensus
667 3543 722 3580 est:
763 3539 865 3580 torum:
879 3527 992 3596 scilicet,
1001 3545 1031 3582 nt
1041 3534 1109 3584 scias
1119 3534 1174 3585 fata
1188 3535 1266 3584 etiam

219 3602 335 3656 Annibal
346 3604 437 3656 urbem
447 3608 567 3679 reliquit,
575 3627 656 3680 quum
666 3620 723 3658 tan·
764 3608 901 3660 nuntiasse
908 3609 1044 3661 victoriam
1053 3613 1232 3663 Romanorum
1241 3625 1268 3662 et

221 3697 277 3735 turn
293 3701 349 3733 non
364 3695 422 3734 eam
435 3685 566 3754 ingressus
581 3699 658 3738 esset.
676 3687 722 3737 Eo.
764 3685 867 3738 cladem
880 3687 1024 3740 Annibalis.

220 3762 319 3812 Duru.
800 3767 842 3835 49.
858 3767 992 3837 Siquidem
1010 3767 1145 3820 Asdrubal.
1161 3769 1267 3836 Plures,

257 3839 302 3906 48.
314 3837 433 3910 Subjecit.
447 3841 540 3892 Hastae.
553 3871 588 3880 —
598 3843 726 3912 Aryenta-
765 3845 892 3915 siquidem
907 3846 940 3896 ab
952 3847 1084 3916 Hispania
1094 3847 1230 3899 Asdmbnl.

221 3920 273 3973 rias
289 3919 363 3970 Urbis
375 3919 499 3971 tabernas.
512 3918 611 3972 Gallice
622 3920 657 3972 les
666 3922 727 3972 beu·
803 3921 845 3974 51.
861 3924 893 3972 Iu
909 3922 1003 3974 ultimo
1017 3924 1104 3976 Italioe
1119 3927 1224 4000 ungulo.
1240 3929 1270 3980 ln

222 3999 306 4070 tiques
327 3996 370 4048 des
392 3997 527 4069 banqnt'ers
549 4017 584 4050 ou
608 3999 726 4050 caissiers.
768 4003 1270 4076 bruttiosagnossereceperatAnnibal.

221 4081 320 4144 Asin,
333 4076 483 4149 Antiquitas
495 4079 645 4144 Romuines,
662 4089 729 4128 tome
768 4109 803 4117 —
815 4077 848 4126 In
861 4079 927 4148 ipsas
939 4083 1065 4134 nascentis
1075 4085 1270 4160 Italioesunres.

224 4159 253 4222 1,
270 4175 331 4231 paq.
353 4157 402 4209 83:
425 4157 484 4208 «Le
502 4157 603 4211 cuissier
620 4158 730 4210 ussistuit
770 4157 850 4228 Alpes
864 4159 1002 4232 intelligit,
1016 4181 1081 4234 quas
1093 4169 1148 4237 jam
1165 4188 1271 4238 snpera-

221 4253 291 4305 pour
307 4253 427 4306 merquer
443 4235 477 4286 les
495 4235 629 4288 taolieres:
645 4235 730 4288 c't‘tait
770 4253 841 4289 reret
857 4240 979 4292 Annibal.
998 4245 1026 4294 lu
1043 4243 1101 4296 illas
1119 4249 1191 4314 signa
1210 4265 1272 4298 ron-

1108 4351 1146 4386 ll.
