3156 4950
510 473 653 536 trouu
675 471 936 570 secururs.
1179 474 1237 562 1a9

204 615 322 670 torum
338 595 492 669 hostium
507 596 708 670 referretur.
731 592 906 669 Critolaus
922 621 1042 668 caussa
1055 594 1159 669 belli:
1179 601 1239 696 qui
1256 627 1270 661 2
1351 613 1353 622 “

204 710 365 786 libertate
380 739 400 784 a
414 717 581 786 Romanis
593 713 676 784 data
688 710 854 784 adversus
867 715 960 810 ipsos
971 739 1051 785 usus
1066 729 1135 803 est,
1148 712 1240 812 lega-

203 845 327 928 tosque
341 834 534 918 Romanos,
549 827 700 901 dubium
713 851 759 899 an
773 844 807 899 et
821 853 946 916 manu,
966 844 1061 902 certe
1081 834 1240 902 oratione

203 942 356 1015 violavit.
374 945 484 1043 Igitur
500 942 645 1015 Metello
667 941 844 1015 ordinanti
862 957 938 1012 tum
955 947 1107 1016 maxime
1123 947 1240 1016 Mace·
1257 942 1273 994 3

205 1056 348 1130 doniam
363 1058 530 1130 mandata
544 1075 595 1131 est
610 1057 717 1129 ultio:
739 1074 774 1129 et
788 1054 872 1128 hinc
883 1055 1079 1130 Achaicum
1095 1057 1238 1130 bellum.

204 1175 255 1244 Ac
274 1178 426 1271 primam
448 1173 594 1247 Critolai
613 1198 757 1244 manum
774 1170 937 1244 Metellus
956 1172 1077 1245 consul
1097 1200 1161 1273 per
1179 1201 1242 1274 pa-

204 1301 314 1360 tentes
325 1286 432 1360 Elidis
443 1313 588 1385 campos
597 1302 674 1358 toto
686 1283 814 1356 cecidit
822 1281 971 1382 Alpheo.
984 1287 1028 1356 Et
1037 1312 1108 1357 uno
1118 1284 1240 1385 praelio
1257 1289 1275 1354 l

203 1418 389 1499 peractum
397 1416 485 1472 ‘erat
499 1398 654 1473 bellum:
670 1398 744 1496 jam
760 1414 795 1469 et
810 1397 937 1471 urbem
957 1403 1072 1498 ipsam
1090 1399 1243 1472 terrebat

205 1515 363 1590 obsidio:
381 1516 446 1589 sed
457 1515 549 1610 (fata
560 1514 694 1588 rerum!
705 1517 718 1610 )
730 1540 841 1614 quum
852 1513 1015 1587 Metellus
1029 1514 1241 1606 dimicasset,

204 1627 252 1699 ad
266 1631 453 1700 victoriam
468 1631 658 1701 Mummius
672 1633 777 1701 veuit.
796 1631 864 1700 Hic
881 1628 1022 1702 alterius
1041 1630 1139 1702 ducis
1155 1633 1243 1702 Diaei
1260 1638 1276 1693 5
1311 1637 1313 1640 ’

203 1739 274 1814 late
292 1741 482 1817 exercitum
502 1732 568 1817 suh
588 1747 671 1842 ipsis
687 1742 809 1815 Isthmi
825 1742 985 1816 faucibus
1004 1743 1115 1834 fudit,
1131 1749 1243 1844 gemi-

203 1881 338 1958 nosque
362 1877 484 1968 portus
508 1864 676 1960 sanguine
702 1859 834 1934 infecit.
859 1855 1021 1933 Tandem
1046 1861 1091 1934 ab
1119 1859 1242 1932 incolis

205 1971 343 2046 deserta
356 1979 495 2066 civitas,
511 1975 650 2074 direpta
664 1979 838 2073 primum,
853 1973 1000 2066 deinde,
1015 1967 1102 2048 tuba
1115 1978 1242 2074 praeei-

203 2105 325 2179 nente,
335 2088 451 2162 deleta
462 2107 522 2162 est.
530 2089 627 2182 Quid¹
637 2088 930 2189 signorum,quid
941 2088 1243 2188 vestium,quidve
1259 2104 1276 2156 6

204 2201 405 2275 tabulamm
428 2219 587 2301 raptum,
613 2207 793 2275 incensum
820 2217 925 2300 atque
947 2200 1148 2299 projectum
1173 2197 1241 2272 est!

206 2314 364 2404 Quantas
381 2343 466 2414 opes
483 2333 519 2389 et
534 2315 716 2389 abstulerit
732 2332 765 2388 et
785 2319 1012 2418 cremaverit,
1034 2313 1117 2386 hinc
1138 2317 1241 2403 scias,

206 2431 304 2530 quod
325 2431 499 2531 quidquid
513 2430 687 2504 Corinthii
707 2435 782 2503 aeris
800 2446 875 2502 toto
893 2430 980 2504 orbe
995 2428 1169 2522 laudatur,
1187 2433 1243 2502 in-

205 2547 332 2620 cendio
356 2547 566 2647 superfuisse
586 2552 835 2647 comperimus.
856 2551 947 2619 Nam
971 2565 1006 2620 et
1026 2554 1102 2620 aeris
1123 2566 1276 2645 uotam7

205 2653 451 2759 pretiosiorem
474 2669 549 2764 ipsa
575 2664 847 2764 opulentissimae
870 2662 967 2736 urbis
988 2657 1073 2735 lecit
1095 2663 1242 2761 injuria3

206 2817 313 2885 corpori
322 2815 476 2870 Achaeorum
486 2823 628 2890 conjuncta
636 2833 704 2883 erat,
744 2830 856 2870 mortem
864 2819 1041 2881 consciverat,
1050 2813 1137 2865 Achai
1144 2814 1245 2865 Diarum

206 2892 234 2942 in
255 2911 395 2945 numerum
412 2894 529 2948 hostium
550 2897 631 2949 relata
650 2909 704 2959 est;
744 2910 883 2970 praetorem
899 2898 1040 2968 elegerant.
1057 2923 1093 2934 —
1111 2893 1245 2946 Geminos-

207 2987 289 3041 quum
308 2975 450 3041 praesertim
472 2973 551 3046 legati
572 2980 705 3029 Romano·
745 2995 796 3049 que
806 2989 901 3048 portm.
911 2980 1054 3048 Utriusque
1064 2977 1136 3027 sinus
1147 2973 1246 3026 scilicet

206 3069 279 3117 rum,
290 3051 423 3116 Corinthi,
437 3069 462 3105 et
474 3054 507 3105 ab
519 3057 582 3125 ipsis
597 3058 706 3108 maxime
747 3066 772 3106 et
784 3052 958 3120 Corinthiaci,
971 3067 996 3105 et
1009 3055 1135 3106 Saronici.

206 3129 349 3183 Corinthiis
360 3131 450 3184 violati
462 3133 580 3184 luissent.
782 3132 808 3182 6.
828 3130 950 3184 Vettium.
966 3129 1078 3196 Gallice,
1097 3129 1196 3201 eteffes.
1211 3159 1246 3168 -

242 3209 706 3264 &MetelleMacedoniam-Tum
747 3209 902 3282 Projeetum.
925 3210 1092 3262 Contemtum
1113 3223 1245 3278 tamquam

208 3291 328 3344 maxima.
339 3291 369 3344 ld
379 3305 431 3358 est,
439 3291 493 3345 hoe
501 3294 633 3363 praecipue
643 3305 707 3346 tem·
748 3291 846 3344 nullius
860 3292 946 3361 pretii.
962 3292 1030 3343 ates
1042 3290 1165 3342 Romaim
1177 3291 1247 3361 iquo-

208 3368 435 3443 pomilionem
455 3372 578 3423 maxime.
591 3400 627 3410 --
644 3372 708 3422 Con·
748 3375 832 3436 retient
840 3372 875 3425 ies
883 3383 935 3426 arto
943 3373 975 3424 de
983 3371 1009 3424 ia
1018 3373 1109 3436 Grdce,
1120 3379 1246 3422 etseeon-

208 3441 257 3495 ml.
275 3447 328 3498 Aut
340 3451 429 3518 potius
441 3462 543 3522 praetor.
556 3448 623 3502 Vide
634 3448 708 3521 qood
748 3453 872 3505 tentaierrt
880 3452 912 3505 de
921 3455 1007 3506 saveir
1014 3453 1041 3505 la
1048 3471 1152 3529 quem,
1167 3449 1193 3502 la
1201 3469 1246 3522 po·

209 3520 339 3576 haedere
349 3544 426 3598 supra
436 3546 495 3598 cap.
508 3529 577 3594 XIV,
591 3529 615 3581 5.
747 3535 840 3608 titique
856 3545 881 3586 et
898 3534 1080 3610 Paqrimlmre.
1092 3557 1103 3580 ι
1117 3534 1245 3596 Bosaonr,

244 3603 269 3670 4.
295 3603 351 3656 Uno
371 3607 469 3676 prelio.
489 3609 624 3661 Metellum
646 3627 706 3662 cum
746 3613 1247 3684 noceanturt'fflsrmntvm.repar

210 3679 325 3748 Achaia,
336 3683 483 3756 Boeotiaque
496 3686 601 3740 duobus
610 3689 705 3760 praeliis
747 3693 795 3756 tie,
811 3693 860 3744 IX·
872 3696 977 3766 bpoqoe.

209 3776 398 3830 congressum,
419 3766 504 3833 primo
525 3764 558 3818 ed
578 3764 706 3819 Thermo·
783 3789 806 3840 7.
829 3772 926 3823 Notum
948 3773 1131 3842 pretiosiorem.
1156 3768 1245 3820 Genus

209 3837 299 3910 pylas,
318 3839 401 3892 altero
419 3844 447 3894 in
466 3841 580 3895 Phooteis
596 3846 706 3911 vicisse,
747 3849 803 3898 seris
817 3846 969 3909 nobilior-im
984 3862 1015 3899 ut
1028 3847 1100 3917 apud
1113 3848 1195 3899 Cicer.
1213 3844 1245 3897 de

210 3930 331 3970 auctores
342 3917 428 3970 habeo
440 3918 605 3972 solummodo
615 3925 708 3975 Pausa·
747 3925 820 3976 Orat.
833 3925 976 3989 LXXXIII,
989 3935 1056 3976 notre
1067 3924 1171 3996 optimoe
1182 3923 1244 3976 vini.

209 3995 281 4046 niam
294 3998 322 4047 in
335 3994 470 4064 Achaicis,
487 4011 513 4050 et
526 3997 707 4064 Orosium,V,
747 4004 850 4072 Nempe
875 4002 937 4072 quia
964 4003 1033 4054 notis
1060 4000 1245 4072 amphorarum

210 4071 235 4124 3.
248 4075 368 4128 Fanum.
748 4089 808 4130 aetas
826 4081 999 4151 vinorumque
1019 4079 1193 4134 indicabatur.
1210 4110 1245 4120 -

245 4151 270 4204 5.
283 4153 358 4208 Diei.
371 4155 433 4208 Post
445 4153 588 4208 Critolaum
601 4157 648 4227 qui
660 4153 709 4208 sibi
748 4155 856 4226 injuria.
871 4158 975 4211 Paesive
987 4157 1083 4212 dicitur
1093 4179 1142 4232 pro
1152 4161 1243 4226 mirra,
