3156 4950
539 503 682 568 LIBER
704 501 928 568 TERTIUS.
1189 505 1250 591 237

211 628 388 702 berentur.
412 626 481 700 Sed
503 626 563 700 illa
583 631 752 699 immania
772 653 943 725 corpora,
966 654 1037 727 quo
1059 644 1160 700 erant
1179 654 1254 701 ma·

207 742 306 841 jore,
328 769 371 814 eo
391 747 501 842 magis
518 741 642 842 gladiis
662 740 830 841 ferroque
850 757 1048 838 putuerunt.
1066 741 1139 832 Qui
1156 741 1254 816 calor
1275 765 1304 817 13

211 861 248 929 in
275 856 469 955 praeliendo
496 858 647 931 mihtum
675 856 806 945 fuerit,
837 854 935 928 nullo
965 863 1075 957 magis
1104 864 1253 958 exprimi

212 987 347 1070 potest,
365 998 473 1072 quent
487 970 604 1070 quod,
620 970 718 1044 elatis
730 996 836 1071 super
851 986 957 1068 caput
970 976 1076 1043 scutis
1093 999 1204 1072 quum
1217 1000 1254 1046 se

211 1087 386 1160 testudine
404 1086 577 1161 barbarus
595 1102 748 1188 tegeret,
768 1111 875 1185 super
894 1090 970 1185 ipsa
988 1089 1140 1160 Romani
1157 1105 1256 1162 scuta

210 1201 396 1293 salierunt,
413 1219 448 1276 et
463 1202 546 1276 inde
563 1207 598 1274 in
609 1200 749 1301 jugulos
764 1198 888 1301 gladiis
905 1199 1176 1275 descendebant.
1190 1207 1255 1276 lte·
1275 1230 1307 1296 14

211 1345 292 1391 rum
308 1318 353 1392 de
366 1320 546 1392 Germano
559 1321 725 1391 Tencteri
740 1317 990 1417 querebantur.
1007 1321 1075 1390 Hic
1088 1345 1172 1392 vero
1180 1322 1256 1419 jam

212 1437 330 1508 Caesar
345 1433 438 1507 uitro
457 1433 635 1506 Mosulam
654 1433 770 1506 navali
788 1449 899 1532 ponte
917 1435 1183 1534 transgreditur,
1204 1440 1256 1535 ip·

209 1575 361 1648 sumque
378 1549 561 1640 Rhenum3
583 1567 618 1622 et
635 1552 822 1647 Hercyniis
840 1548 980 1622 hostem
1001 1554 1127 1649 quaerit
1144 1554 1180 1623 in
1199 1549 1257 1623 sil·

212 1669 281 1737 vis:
303 1663 421 1738 sedin
442 1664 548 1738 saltus
565 1682 600 1738 et
619 1664 766 1764 paludes
787 1692 895 1766 genus
918 1692 1025 1739 omne
1046 1665 1253 1766 diffugerat:

213 1795 350 1852 tuntum
370 1784 512 1880 pavoris
538 1785 681 1880 incussit
703 1783 795 1851 intra
817 1783 931 1880 ripam
954 1780 1070 1852 subito
1096 1783 1257 1854 Romana

213 1895 284 1967 vis!
297 1898 371 1969 Nec
381 1895 488 1970 semel
501 1895 662 1986 Rhenus,
675 1896 737 1968 sed
747 1900 877 1968 iterum
889 1922 1050 1996 quoque,
1063 1897 1255 1996 etquidem
1277 1913 1307 1967 ιε

212 2027 322 2109 ponte
338 2012 452 2101 fecto,
474 2029 676 2110 penetratus
696 2026 757 2083 est.
774 2009 844 2083 Sed
862 2011 977 2109 major
992 2009 1171 2110 aliquanto
1187 2028 1255 2084 tre·

213 2125 365 2223 pidutio:
383 2131 516 2226 quippe
528 2153 639 2225 quum
657 2122 821 2198 Rhenum
837 2151 940 2196 suum
953 2128 1001 2196 sic
1017 2142 1143 2222 ponte,
1157 2130 1255 2223 quasi

210 2238 315 2338 jugo,
335 2257 480 2338 captum
494 2239 674 2328 viderent,
696 2237 779 2338 fuga
793 2264 912 2328 rursus
928 2242 964 2310 in
982 2234 1084 2310 silvas
1100 2264 1141 2310 ac
1159 2237 1255 2337 palu·

213 2351 292 2442 des;
315 2369 366 2443 et,
391 2355 489 2452 quod
511 2352 777 2427 acerbissimum
800 2355 928 2426 Caesari
949 2351 1034 2443 fuit,
1060 2378 1132 2425 non
1155 2352 1255 2426 luere

212 2472 275 2567 qui
289 2472 525 2549 vincerentur.

262 2582 438 2656 Omnibus
449 2598 544 2656 terra
563 2587 723 2683 murique
739 2587 868 2683 captis,
885 2589 1037 2683 respexit
1052 2585 1254 2674 Oceanum
1277 2606 1308 2658 ιθ

212 2862 339 2914 versionis
348 2829 383 2913 :h
395 2863 484 2916 cerate
496 2865 591 2938 l'usoqe
604 2864 648 2918 des
662 2863 714 2918 sol·
755 2863 1254 2936 devivevoixctpardcrit.-Principiis.

214 2937 398 2994 dctsliomains
404 2942 511 3011 descire
519 2943 716 2996 lenrtestement
754 2941 903 3013 Principia,
914 2955 952 2993 est
962 2943 1076 3012 spatium
1084 2939 1218 3011 quoddam
1227 2945 1255 2993 in

215 3016 247 3068 de
261 3019 317 3069 vive
331 3019 390 3071 voi:
402 3021 468 3072 dans
482 3019 517 3072 les
528 3022 656 3074 occasions
669 3022 716 3091 ρί-
755 3023 846 3074 mediis
852 3023 953 3086 cestris,
960 3020 1006 3072 ubi
1014 3019 1157 3072 tendebant
1165 3021 1255 3090 duces,

114 3145 117 3152 ,
215 3093 384 3165 rilleuses,en
396 3096 717 3150 dectamnrteurdemitre
756 3114 782 3152 et
793 3102 927 3172 precipua
937 3100 1011 3170 signa
1023 3098 1107 3150 defixa
1119 3113 1201 3154 erent.

215 3176 321 3230 volorstd
331 3197 363 3230 eo
377 3178 497 3250 presence
508 3179 538 3230 de
551 3177 618 3231 leurs
628 3197 717 3230 cama·
794 3180 834 3247 14.
849 3179 888 3230 De
899 3181 1029 3233 Gentiano
1040 3179 1158 3232 Tencteri
1166 3201 1255 3254 querc·

215 3258 294 3310 rodes.
307 3257 350 3310 Ces
360 3269 495 3310 testamens
505 3259 602 3310 etaient
611 3257 715 3310 eolides.
756 3261 857 3312 Mntnr.
868 3261 916 3311 iiic
926 3259 1050 3313 eCnsare
1060 3261 1179 3314 dissentit
1187 3264 1255 3316 Nos-

216 3339 403 3400 Monresoutnu
414 3339 519 3412 (Esprit
532 3342 574 3393 des
585 3339 657 3406 Lois,
669 3337 714 3392 lio.
756 3353 807 3403 ter;
818 3341 903 3394 sessor
912 3342 981 3392 enim
992 3353 1053 3393 tunc
1062 3343 1176 3414 primum
1185 3344 1256 3398 Rhe-

215 3415 353 3490 XXVH),
375 3436 509 3492 remarque
526 3417 601 3491 qu'ils
620 3419 718 3470 etaient
756 3439 818 3472 num
832 3421 1099 3492 transiit,postquatn
1109 3424 1255 3476 Tenctero-
1309 3470 1311 3474 .

214 3495 342 3565 defferens
352 3497 395 3551 des
406 3508 539 3551 testamur
552 3497 656 3570 appelds
667 3499 715 3550 mi·
748 3520 812 3558 ,rum
824 3518 945 3570 magnam
957 3515 1066 3571 stragem
1078 3501 1214 3570 edidisset,
1226 3505 1255 3556 li·

216 3572 326 3638 litoires,
345 3575 389 3644 qui
407 3593 439 3626 ne
452 3575 547 3646 forent
563 3575 652 3630 staltis
666 3595 715 3648 que
755 3580 803 3632 bro
814 3581 860 3647 w,
872 3580 898 3647 4.
909 3584 1034 3634 Tencteri
1047 3595 1133 3635 eutem
1146 3583 1255 3636 Germa-

214 3673 266 3727 par
275 3654 311 3707 les
322 3655 499 3710 constitutions
509 3658 551 3710 des
563 3677 714 3731 empeteurs.
747 3662 805 3713 *nite
824 3675 885 3713 sunt
905 3660 998 3733 populi
1019 3680 1103 3733 prope
1123 3662 1253 3715 Rhenum.

215 3733 244 3787 ll
260 3736 360 3788 observe
377 3753 482 3799 encore,
499 3735 596 3809 d'apres
612 3738 715 3791 ctceron
755 3737 1144 3809 -MosulmGniliaeBelgicae
1153 3740 1255 3793 fluvius.

215 3811 716 3888 (liu.I,del'Oratettr)‚qu’ilsn'dtct'ent
754 3817 869 3882 Gallice,
887 3816 1004 3870 Moselle.
1023 3847 1060 3858 —-
1076 3819 1211 3888 Hercyniis
1229 3821 1256 3872 in

214 3891 580 3965 pointecritsetdtoientsons
590 3895 717 3964 fermaii-
755 3897 833 3949 siivis.
850 3899 936 3948 Cesar
950 3898 1093 3967 Hercynius
1109 3898 1186 3952 siivas
1200 3917 1255 3953 non

217 3971 265 4037 tls,
275 3972 332 4024 sine
342 3970 408 4023 libra
418 3984 445 4023 et
454 3970 559 4023 tabulis.
570 3968 673 4035 Florus,
683 3991 716 4024 en
756 3989 900 4039 memoret,
912 3973 958 4026 sed
972 3993 1013 4041 se,
1027 3975 1119 4028 Rheno
1131 3981 1254 4048 trejecto,

216 4049 369 4123 employant
381 4061 445 4103 cette
461 4051 620 4121 expression,
637 4063 717 4103 teste·
756 4053 784 4104 iu
795 4052 992 4106 sicambrorum
1003 4056 1067 4108 lines
1078 4059 1180 4110 venisse
1191 4063 1254 4111 scri·

217 4145 305 4185 menta
314 4131 500 4198 scriberentur,
508 4127 597 4203 parcit
607 4130 716 4203 confon—
756 4133 812 4200 bit,
831 4153 931 4205 eosque
945 4154 973 4189 se
991 4155 1051 4190 curn
1065 4141 1187 4194 omnibus
1201 4144 1254 4196 suis

218 4212 261 4263 dre
270 4211 306 4266 les
317 4223 392 4280 tems,
405 4224 430 4266 et
442 4211 478 4266 les
488 4211 557 4264 deun
568 4221 716 4278 teramnae,
757 4216 783 4266 in
796 4213 964 4269 solitudinem
977 4235 1008 4270 ac
1022 4219 1098 4274 silvas
1113 4219 1253 4274 abdidisse.
