3102 4942
538 513 574 575 L.
599 503 760 576 Auum
785 511 943 574 suoru.
1225 519 1264 596 43

340 648 430 696 notes.
441 635 503 710 (Sc.
513 634 560 693 El.
571 635 687 710 Vineti,
699 636 717 694 J
720 655 749 694 o.
762 633 925 708 Camenis,
935 630 959 694 l.
970 635 1082 716 Lipsii,
1093 638 1116 695 l.
1130 636 1267 712 Gruteri,

337 739 357 796 J
359 757 388 796 o.
398 733 503 796 Stadii.
512 735 635 796 Accedit
642 738 677 797 T.
688 736 769 796 Livii
779 733 938 796 Decadum
947 734 1017 795 XIV
1027 735 1187 818 Epitome,
1197 757 1268 796 curn

339 827 463 895 scholiis
479 835 548 895 Csr.
564 835 699 916 Sigonii,
713 834 804 894 Mart.
821 832 916 893 Delrii
935 847 966 894 et
984 833 1145 914 aliorum.)
1157 838 1270 896 Franc-

341 953 443 1016 querae
457 955 493 995 ex
508 933 564 994 off.
576 934 730 995 Hunsonii
741 935 931 1013 Hagcnaar.,
946 930 1019 1007 ind.

223 1031 297 1111 1692
339 1032 433 1091 Amet.
448 1053 498 1114 ap.
510 1032 732 1104 Wctstenium,
745 1047 815 1111 quae
833 1049 890 1111 pro
908 1029 1070 1090 Graeriane
1087 1032 1181 1091 altero
1194 1052 1274 1092 ven-¹

339 1129 434 1188 ditate
446 1141 506 1204 est,
516 1149 613 1210 quum
623 1128 662 1188 sit
670 1125 848 1206 exemplum
859 1123 906 1184 ed.
920 1124 1039 1184 Elzevir
1052 1124 1142 1208 1674,
1157 1126 1268 1188 additis

339 1229 431 1304 notis,
440 1228 553 1300 numis,
562 1225 649 1310 praef.
659 1225 786 1298 Graevii,
794 1237 829 1282 ut
838 1221 996 1304 ipsapraef.
1003 1225 1161 1312 Wetstenii
1170 1225 1267 1286 docet.

218 1363 324 1376 --
338 1324 476 1386 bondini
487 1344 552 1406 rep.
566 1323 615 1382 ed.
627 1323 725 1381 Annae
735 1321 852 1402 Tonaq.
864 1319 957 1379 Fabri
972 1317 1044 1379 filiae
1056 1321 1090 1379 in
1101 1341 1192 1380 usum
1201 1322 1269 1382 Del·

341 1420 450 1503 phini,
465 1415 552 1480 ins.

224 1519 298 1598 1698
339 1520 421 1578 Cum
433 1517 516 1576 notis
527 1515 671 1576 Minellii.
683 1514 846 1591 lloterod„
858 1515 951 1580 inas.
968 1535 971 1543 ’

225 1633 300 1692 ¹7⁰⁰
340 1615 421 1676 Cum
433 1613 511 1671 notis
526 1610 664 1671 Minellii.
679 1609 819 1685 Hafnioe,
832 1612 910 1671 in-s.

226 1728 300 1787 ¹7⁰²
341 1709 483 1791 Epitome
498 1728 601 1767 rerum
615 1709 745 1768 lloman.
755 1727 792 1768 er
801 1729 915 1769 recens.
926 1711 976 1768 Jo.
990 1709 1045 1770 Ge.
1058 1710 1188 1786 Graevii,
1198 1731 1269 1771 cum

342 1804 477 1887 ejusdem
500 1805 651 1868 adnotatt.
677 1805 771 1887 longe
791 1807 991 1866 auctioribus.
1013 1810 1168 1868 Accessere
1187 1822 1269 1869 notae

340 1906 466 1986 integrus
488 1903 533 1966 Gl.
555 1903 711 1980 salmasii,
735 1905 784 1964 Jo.
809 1903 1029 1984 Freinshemii,
1050 1918 1081 1965 et
1100 1906 1269 1966 veriorum.

339 2003 401 2063 Nec
424 2023 491 2062 non
511 2003 700 2062 numismata
723 2016 753 2062 et
776 2003 905 2082 antiqua
927 2015 1132 2062 monumenta
1155 2004 1189 2062 in
1211 2001 1269 2062 bac

339 2119 422 2160 nova
432 2099 584 2174 editione,
601 2120 658 2159 suo
671 2101 783 2179 cuique
797 2097 868 2158 loco
885 2101 1009 2159 inserts.
1028 2101 1108 2160 Curn
1122 2101 1270 2159 varianti·
1306 2145 1310 2152 .

339 2196 399 2260 bus
411 2197 491 2258 lectt.
506 2211 536 2258 ct
554 2198 665 2260 indice.
681 2198 720 2258 ln
729 2193 794 2257 fine
810 2197 934 2258 additus
947 2211 992 2257 est
1008 2201 1041 2258 1.
1062 2196 1219 2279 Ampelius
1234 2219 1270 2258 ex

341 2292 417 2354 bibl.
430 2293 475 2354 Cl.
487 2293 636 2368 salmasii,
644 2294 733 2353 Tom.
742 2293 782 2368 ll,
790 2294 897 2369 Amet,
908 2293 981 2353 in‹8.
994 2315 1043 2376 ep.
1054 2293 1092 2352 G.
1104 2293 1269 2354 Galletum.

341 2391 413 2450 Non
423 2411 493 2451 vere
504 2405 547 2450 est
558 2391 739 2450 Graevisnus
749 2387 801 2449 bic
813 2390 941 2450 Florus:
953 2403 1085 2471 suntque
1096 2389 1130 2448 in
1143 2387 1196 2448 illa
1208 2388 1271 2450 edi-

341 2489 426 2549 tione
444 2488 549 2549 multre
565 2473 739 2549 multorum
756 2489 962 2550 correctiones
976 2502 1088 2550 temere
1103 2491 1138 2547 in
1153 2501 1270 2548 textum

242 2575 246 2584 ⁵
341 2601 482 2669 receptas.
492 2585 560 2646 vid.
577 2586 695 2647 Dukeri
711 2585 797 2669 praef.
816 2609 847 2669 p.
865 2584 900 2660 td
916 2588 1079 2668 ct15,qui
1095 2587 1172 2646 etin
1189 2583 1271 2645 notis

340 2683 453 2764 passim
464 2683 540 2742 vitia
552 2681 634 2743 illius
646 2681 792 2743 editionis
802 2683 913 2763 tangit.
926 2683 965 2742 Et
976 2682 1041 2744 baec
1056 2682 1136 2743 facts
1147 2681 1270 2742 vidente

339 2791 369 2852 et
380 2779 487 2840 silente
499 2781 633 2840 Graevio.
925 2851 927 2858 y

227 2875 300 2958 ¹704
340 2879 374 2937 1..
389 2880 423 2937 A.
440 2877 486 2937 Fl.
504 2899 561 2938 rer.
578 2880 711 2939 Roman.
726 2878 800 2937 libri
815 2876 879 2938 duo
895 2879 1028 2960 priores,
1044 2898 1079 2937 ex
1093 2879 1271 2938 criticorum

293 3011 299 3030 .
342 2974 506 3034 observatt.
522 2976 650 3035 correcti
664 2995 737 3035 cum
752 2988 851 3034 textus
867 2975 1006 3048 ratione,
1021 2974 1160 3054 notisque
1172 2975 1271 3032 vario·

345 3089 414 3128 rum
424 3069 579 3128 historicis
591 3069 723 3150 politicis
735 3082 766 3128 et
772 3071 959 3150 antiquariis
970 3093 977 3127 :
987 3069 1073 3150 jussu
1086 3083 1116 3129 et
1127 3071 1273 3152 impensis

344 3168 553 3248 angustissimi
577 3167 668 3248 Regis
694 3167 844 3227 Bornssiae
871 3179 901 3228 et
925 3166 1073 3227 Electoris
1098 3166 1211 3227 Brand.
1239 3169 1272 3227 in

343 3287 433 3328 usum
445 3265 599 3350 Principis
610 3267 698 3347 regni
709 3279 740 3326 et
750 3265 929 3328 electorstns
940 3265 1075 3341 heredis,
1088 3267 1230 3327 adornati
1242 3279 1273 3327 ct

339 3364 416 3425 editi
440 3385 468 3424 a.
483 3367 574 3424 bour.
600 3365 726 3446 Begero.
752 3364 891 3426 Coloniae
916 3363 1096 3442 Marcbicae,
1116 3380 1182 3450 τῃ).
1205 3365 1269 3426 Ulr.

340 3463 461 3545 biebp.,
475 3460 575 3522 in·fol.
588 3462 699 3523 Florus
715 3463 779 3524 sive
794 3465 897 3546 potins
911 3467 945 3524 L.
962 3465 977 3523 l
992 3471 1023 3525 et
1033 3463 1061 3522 ll
1073 3462 1155 3526 Flor.
1169 3461 1270 3545 splen-

341 3557 431 3619 didus
457 3581 546 3637 sene,
571 3573 601 3620 et
623 3559 730 3621 multis
752 3582 922 3622 numerum
945 3576 976 3623 et
995 3574 1270 3622 monumentorum

344 3651 448 3732 figuris
460 3668 598 3716 ornatus.
613 3657 664 3715 Ait
674 3657 822 3738 Begerus,
837 3679 868 3718 sc
879 3671 997 3719 textmn
1008 3657 1172 3738 vulgatum
1184 3676 1270 3717 accu-

346 3761 410 3808 rate
419 3769 488 3809 curn
496 3749 584 3811 libris
596 3753 728 3834 scriptis,
740 3752 789 3814 bis
801 3754 1088 3835 brandenburgico,
1101 3750 1270 3814 secundum
1318 3779 1321 3789 ·

344 3844 465 3926 regulas
476 3848 594 3908 critices
605 3851 772 3912 contulisse
785 3864 815 3911 et
828 3853 1008 3926 correxisse,
1021 3851 1195 3920 rationibus
1206 3869 1271 3909 cor-

343 3943 517 4002 rectionum
533 3943 659 4004 redditis
678 3947 711 4006 in
730 3949 829 4020 notis3
849 3944 961 4008 deinde
977 3960 1008 4006 et
1023 3967 1069 4006 res
1083 3959 1113 4006 et
1126 3944 1220 4005 verba
1233 3945 1271 4003 il·

345 4037 493 4099 lustrasse.
517 4037 554 4098 ln
577 4040 756 4120 prefatione
779 4063 874 4125 porro
897 4042 1094 4102 Graeviansm
1118 4041 1210 4101 crisin
1234 4038 1271 4095 de

345 4134 493 4198 latinitate
508 4136 593 4198 Flori
606 4136 741 4200 refellere
752 4141 901 4216 instituit,
914 4161 971 4200 nec
984 4139 1049 4198 siae
1061 4138 1224 4198 acerbitate
1240 4134 1272 4190 in
