3026 4956
245 453 251 466 ·
302 453 365 538 390
641 450 779 520 Lucu
802 449 1006 516 aurumi

301 713 329 740 η
334 706 1360 736 mmmmwwwwwummmmmmmummm

733 903 918 985 XLVII.

321 1163 477 1254 usone
495 1160 731 1234 mmmm
749 1161 944 1232 'reusam
962 1160 1046 1249 Qui
1065 1161 1195 1232 vicu
1216 1159 1339 1228 snnr

579 1277 639 1348 nr
658 1277 745 1346 ren
764 1273 908 1365 Quos
930 1276 1071 1350 ¹cciv,

286 1521 289 1528 ’
353 1525 420 1594 Per
433 1520 645 1596 Flaminium
660 1522 852 1598 Consulem
864 1523 1080 1596 Macedonas
1091 1527 1177 1596 vicit
1189 1519 1255 1593 sub
1269 1547 1353 1618 rege

307 1640 433 1710 ²Perse
453 1638 635 1711 bellantes.
658 1641 726 1711 Per
746 1642 929 1739 Scipiones
949 1637 1150 1728 Africanos,
1173 1635 1353 1734 Carthagi-

305 1755 453 1824 nienses.
469 1755 538 1825 Per
553 1753 722 1826 Paulum³
737 1753 945 1844 Consulem,
962 1757 1092 1826 Persen
1106 1758 1143 1825 in
1157 1754 1259 1851 Syria
1271 1754 1354 1821 vicit

305 1892 428 1966 regem
444 1866 672 1940 Antiochum.
696 1872 763 1941 Per
780 1870 985 1966 Scipionem
1004 1866 1231 1940 AEmilianum
1251 1864 1354 1940 Celti·

306 1981 428 2074 beros,
444 2000 480 2056 et
492 1985 732 2057 Numantiam.
750 1986 817 2056 Per
834 1982 1023 2086 eumdem4
1039 1985 1242 2083 Scipionem
1257 1985 1355 2053 busi-

306 2103 456 2189 taniam,
483 2115 520 2172 ct
542 2099 671 2172 ducem
695 2103 879 2172 Viriatum.
907 2102 975 2171 Per
997 2102 1184 2172 Decimum
1208 2101 1353 2170 Brutum

308 2212 494 2288 ⁵Galliam.
505 2217 574 2288 Per
583 2219 798 2288 Mummium
808 2215 1020 2302 Achaicum,
1034 2231 1070 2287 et
1079 2211 1307 2301 Corinthum,
1321 2229 1355 2284 et

307 2329 466 2402 Achaeos,
484 2333 552 2403 Per
568 2332 730 2405 Fulvium
747 2331 967 2404 Nobiliorem
984 2329 1143 2405 AEtholos
1159 2347 1195 2402 ct
1206 2330 1357 2402 Ambra-

310 2447 412 2516 ciam.
436 2446 503 2515 Per
517 2447 673 2517 Marium
691 2445 863 2520 Numidas
877 2464 913 2518 et
930 2445 1153 2545 iugurtham.
1178 2449 1244 2518 Per
1263 2471 1357 2518 cum-

310 2557 394 2629 dem
417 2557 582 2631 Cimbros
608 2576 645 2632 et
668 2563 858 2634 Teutones.
885 2564 952 2632 Per
980 2559 1111 2659 Syllam
1133 2564 1299 2632 Ponticos
1322 2577 1359 2633 et

224 2695 227 2703 '
309 2672 566 2746 Mithridatem.
587 2678 654 2746 Per
673 2673 860 2746 Lucullum
878 2680 964 2748 item
981 2675 1127 2750 eosdem
1141 2678 1306 2749 Ponticos
1324 2693 1358 2746 et

309 2785 577 2861 Mithridatem:
594 2794 680 2866 item
696 2789 846 2863 Cilicas⁶
863 2795 1009 2888 piratas,
1027 2807 1062 2864 et
1077 2794 1264 2863 Armenios
1276 2817 1357 2862 cum

346 2975 405 3028 Cir.
425 2975 525 3030 XLVll.
543 3009 577 3017 -
598 2997 619 3032 1.
638 2981 727 3032 CCIV.
753 2981 813 3032 Non
854 2994 916 3051 post
928 2979 1137 3033 PersenDubito
1148 2999 1180 3031 on
1192 2992 1252 3050 post
1264 2980 1359 3030 Persen

310 3045 445 3126 intelligo,
459 3078 512 3130 quo
524 3059 577 3110 boc
589 3062 730 3132 pertineat.
855 3063 982 3132 scriptum
995 3061 1072 3112 fuerit
1082 3077 1131 3132 per·
1140 3060 1304 3132 Scipionem,
1318 3057 1358 3109 id-

348 3152 372 3186 a.
394 3137 477 3188 Perse.
502 3137 638 3211 Philippo.
661 3141 730 3190 Nam
753 3156 815 3190 mox
855 3162 907 3216 que
917 3157 1027 3214 propter
1038 3142 1201 3194 adfinitatem
1214 3142 1286 3193 vocis
1297 3157 1361 3211 prae·

311 3215 431 3284 sequitur
449 3217 573 3268 Pcrscna
592 3217 681 3268 Paullo
698 3220 814 3268 victum:
856 3219 971 3274 cedentis
992 3221 1126 3273 exciderit.
1148 3222 1216 3272 Nam
1239 3222 1276 3270 ita
1302 3231 1359 3270 toto

312 3290 386 3362 qnod
402 3307 428 3344 et
444 3313 516 3364 supr.
533 3315 555 3346 c.
571 3297 631 3347 XVI
645 3309 671 3348 et
684 3297 775 3361 XLIV,
790 3308 816 3347 ct
856 3300 943 3370 capite
968 3301 1076 3351 nomina
1099 3301 1205 3350 Ducum
1227 3297 1304 3368 pouit
1332 3297 1360 3348 in

310 3368 376 3422 ibid.
395 3371 548 3444 Philippum
565 3393 580 3425 a
596 3374 744 3427 Flaminino
764 3377 816 3426 vic·
855 3381 988 3454 principio
998 3379 1110 3452 pen'odi.

312 3463 382 3516 tum,
403 3451 460 3522 ipse
484 3451 593 3504 dixerat.
618 3457 668 3504 Pro
692 3454 816 3508 bellantes
891 3461 917 3526 4.
935 3461 987 3509 Per
997 3459 1114 3510 euntdem
1127 3457 1284 3529 Scipionem.
1302 3455 1362 3506 'l'ri-

310 3530 419 3581 Heinsio
438 3530 561 3602 placebat
579 3531 735 3584 rebellantes.
758 3535 816 3584 iioc
856 3537 914 3588 buit
932 3537 1062 3608 Scipioni,
1084 3534 1159 3607 quod
1174 3534 1288 3586 debebat
1308 3535 1363 3586 δω-

309 3607 420 3680 probari
433 3623 537 3681 posset,
552 3612 574 3662 si
587 3609 631 3662 hic
646 3625 717 3664 recte
730 3614 816 3684 scrip·
854 3617 948 3686 pioni:
966 3633 1028 3666 narn
1045 3615 1163 3666 Lusitani
1179 3612 1239 3680 aQ.
1252 3611 1361 3665 Servilio

310 3703 368 3740 turn
383 3703 451 3741 essct
468 3691 550 3742 Perse.
856 3691 981 3762 Caepione
992 3693 1054 3742 victi
1067 3705 1136 3743 sunt.
1153 3691 1254 3742 Caussa
1268 3689 1363 3741 erroris

347 3769 372 3820 3.
381 3771 432 3822 Per
440 3769 698 3824 PaullumFreinsh.
706 3771 814 3823 adFlor.
857 3771 917 3836 tuit,
925 3769 999 3841 quod
1006 3769 1097 3821 scribae
1105 3788 1154 3838 pro
1164 3769 1284 3839 Cepione
1291 3785 1363 3838 saepe

311 3850 347 3911 ll,
363 3849 394 3915 8,
411 3868 419 3901 r
434 3871 440 3902 e
459 3873 470 3896 ι
482 3851 530 3900 Per
542 3851 660 3904 Paullum
672 3851 816 3903 Consulem
856 3861 1003 3920 posuerunt
1016 3849 1104 3899 notius
1116 3865 1215 3898 nomen
1225 3845 1363 3916 Scipionis.

315 3928 447 3988 «Persem
460 3928 488 3979 in
499 3929 572 4001 Syria
585 3932 646 3982 vicit
659 3947 749 3998 regem
762 3933 817 3981 An·
858 3929 975 3980 Perizon.
986 3925 1073 3977 Anim.
1087 3927 1185 3978 Histor.
1197 3943 1221 3976 c.
1231 3925 1266 3975 X.

315 4003 455 4058 «tiochum
467 4027 514 4077 per
528 4009 686 4080 Scipionem.
700 4011 748 4060 Per
760 4010 823 4062 Sci-'
895 4007 919 4058 5.
943 4003 1070 4057 Galliam.
1095 4002 1246 4056 Galliciam.
1272 4003 1363 4054 licius.

315 4085 446 4153 «pionem
457 4086 633 4139 AEmilianum.
642 4128 648 4138 .
657 4111 682 4138 ,ιι
695 4089 816 4139 Heinsius
858 4085 917 4140 Vid.
932 4085 1003 4136 Flor.
1015 4086 1052 4149 ll,
1069 4101 1113 4153 17,
1130 4101 1179 4152 12.¹

312 4179 419 4234 quoque
454 4163 650 4218 distinctionem
690 4179 818 4235 posucrat
893 4165 998 4216 iiltem
1011 4159 1364 4218 CilicasFroinsbadFlor.
