3102 4942
404 471 709 539 TESTIMONIA
731 473 793 536 ET
814 471 1023 538 lUDlClA.
1194 478 1232 544 23

198 609 314 680 gentes,
335 596 589 680 subseqnentibus
607 596 730 672 scribis,
747 597 802 677 qui
822 594 877 656 has
896 609 989 658 notas
1004 598 1038 656 in
1056 608 1173 660 textum
1190 600 1237 660 iu·

196 695 348 771 tulerunt,
365 715 471 756 ansam
485 693 576 776 hujus
592 695 692 776 operia
708 693 797 754 aliter
810 707 901 774 atque
917 693 1006 755 aliter
1018 697 1237 778 eormmpendi

194 791 354 854 dederam.
377 794 423 854 lta
441 803 564 858 externa
584 791 747 875 paullatim
765 803 858 872 atque
875 793 996 858 iuterna
1015 794 1117 876 operio
1132 793 1237 854 forma

194 889 374 965 immutata,
388 891 503 952 mirum
517 909 583 952 non
593 903 653 965 est,
665 890 689 948 si
703 889 789 948 Flori
800 890 920 949 nativus
932 911 1032 951 sermo
1044 891 1085 958 ab
1097 891 1237 952 adventi·

194 989 244 1048 tiis
260 989 323 1051 istis
336 989 426 1070 nugis
444 1001 474 1048 et
491 987 768 1070 interpretamentis
784 1005 842 1047 uec
857 988 927 1046 satis
941 987 1075 1068 amplius
1088 987 1238 1050 discerne·

194 1085 296 1160 hatur‚
317 1085 493 1167 criticique,
510 1085 564 1167 qui
585 1095 747 1144 auctorem
766 1081 852 1142 hune
872 1083 1033 1148 emendare
1055 1085 1237 1161 sordebant,

194 1183 319 1266 spectris
335 1182 482 1258 insolitis,
501 1183 631 1246 murum
649 1201 686 1240 ac
704 1182 909 1262 mannes
926 1179 992 1262 ejus
1006 1183 1237 1260 infestantibus,

193 1293 258 1340 tam
271 1281 325 1342 diu
336 1294 461 1364 tamque
472 1279 650 1364 petulanter
661 1276 860 1338 ludebantur.
870 1277 1134 1342 commentatores
1145 1281 1239 1342 edito·

193 1397 301 1460 resque
315 1377 441 1454 exinde,
457 1373 536 1437 altar
549 1375 672 1436 alterius
688 1376 901 1440 auctor-imam
913 1377 1052 1450 reveriti,
1068 1388 1240 1458 pertraxere

192 1493 259 1536 rem
275 1475 446 1557 litigiosam
465 1493 565 1556 usque
585 1473 618 1541 iu
639 1472 807 1549 orariam,
827 1475 898 1554 qui,
916 1495 1016 1556 quum
1033 1473 1137 1536 ulcera
1155 1474 1239 1534 Flori

193 1575 315 1654 egregie
329 1573 464 1647 videret,
478 1571 578 1634 scabie
595 1585 700 1632 nmen
721 1571 823 1632 sasmli
844 1575 891 1640 sni
911 1572 1060 1637 infertum
1082 1587 1240 1634 auctorem

194 1681 333 1752 putaret,
346 1681 454 1732 caetere
470 1669 632 1752 pusillum,
649 1690 758 1753 opem,
771 1691 866 1752 quam
882 1671 964 1732 ferre
974 1670 1059 1734 haud
1074 1670 1168 1732 dubie
1184 1691 1240 1754 po-

193 1767 315 1844 tuisset,
334 1770 359 1828 si
377 1770 516 1828 animum
534 1767 692 1828 attendere
709 1767 869 1845 volarieaet,
887 1782 1031 1852 prestare
1049 1769 1236 1852 supersedit:

193 1863 414 1925 subsannando
426 1885 460 1926 ae
473 1864 601 1926 ridendo
613 1865 801 1946 juvenilem,
820 1878 855 1926 ut
873 1867 1020 1948 putabat,
1039 1867 1239 1948 scriptorem,

192 1960 247 2041 qui
262 1961 294 2022 in
309 1959 455 2030 historico
466 1983 557 2045 opere
568 1963 689 2045 poetico
705 1975 781 2022 essu
798 1963 941 2046 abreptus
959 1963 1149 2045 quandoque
1165 1960 1238 2024 deli·

193 2069 300 2133 resset,
311 2057 488 2140 praejudicia
501 2059 643 2134 illorum,
655 2060 711 2141 qui
723 2059 763 2119 de
777 2059 871 2120 lllom
884 2062 927 2120 ita
939 2060 1080 2141 judicare
1096 2059 1238 2122 adsuere-

193 2167 279 2229 rant‚
292 2157 384 2218 etiam
395 2155 600 2217 confirmarit.
610 2157 726 2218 Verum
739 2159 824 2217 enim
838 2177 929 2231 tero,
944 2169 979 2216 ut
993 2155 1074 2216 nihil
1090 2177 1154 2216 esse
1163 2155 1239 2220 solet

193 2248 233 2308 ad
245 2253 333 2311 omni
347 2253 590 2333 partebeatum,
606 2254 649 2313 ita
667 2273 723 2314 nee
736 2273 957 2336 usquequaque
973 2252 1170 2312 damnoshrn.
1187 2252 1239 2312 Me

194 2343 318 2421 saltem,
331 2361 366 2408 ut
380 2349 516 2429 ingenue
530 2349 637 2424 fatear,
654 2352 721 2432 iper
736 2348 800 2410 hae
812 2351 925 2414 Graevii
936 2371 1065 2410 censura
1075 2349 1123 2410 vel
1134 2350 1239 2432 praeci·

192 2463 255 2526 pue
276 2443 401 2527 impulit
421 2447 460 2508 ad
483 2449 610 2509 Florum
631 2443 771 2512 nostrum
795 2450 939 2510 attentius
960 2448 1237 2522 considerandum,
1275 2497 1278 2504 .

193 2541 509 2628 quostudiodeuique
517 2545 667 2608 eflectum
675 2565 779 2628 spero,
790 2559 825 2606 ut
833 2545 998 2608 subdititiis
1006 2547 1239 2628 adventitiisque

192 2638 348 2717 sordibus,
362 2644 464 2705 sinon
476 2645 640 2719 omuibus,
652 2644 759 2704 saltam
771 2646 936 2726 potissimis
945 2657 1093 2727 purgatus
1104 2646 1239 2727 optimus

192 2751 312 2815 auctor,
335 2743 370 2810 in
391 2745 598 2824 possesuores
616 2763 688 2804 suae
710 2763 741 2804 re
763 2743 889 2806 demum
909 2744 1085 2806 matianum
1106 2742 1239 2824 gaudere

193 2835 347 2914 pounb...
366 2837 426 2898 sod
443 2851 565 2920 tempus
582 2853 643 2916 est,
659 2853 696 2900 ut
712 2852 783 2922 peel
801 2839 867 2900 baec
881 2838 1014 2900 indimta
1034 2838 1072 2899 ad
1089 2838 1239 2919 reliquam

191 2943 313 3010 partem
321 2935 545 3013 promissorum
554 2949 735 2996 nostrorum
744 2938 918 3009 veniamus,
930 2935 1129 3014 dicamusque
1138 2933 1241 3013 eliqua

193 3026 234 3086 de
246 3025 332 3085 Flori
343 3031 441 3088 nostri
453 3031 535 3105 vita,
548 3032 650 3112 petria
664 3043 694 3089 et
707 3033 835 3090 nomine
838 3071 1241 3089 .....................

232 3120 356 3184 Adduxi
371 3121 585 3199 Qumstiouum
602 3145 743 3184 mearum
755 3123 837 3184 libro
852 3127 866 3185 l
881 3143 991 3184 omnes
1004 3123 1068 3182 fere
1083 3122 1167 3184 locos
1177 3155 1196 3197 ‚·
1205 3141 1240 3182 et

192 3221 308 3303 quibus
327 3221 400 3282 eatis
421 3233 526 3304 aperte
547 3221 641 3298 redit,
664 3235 818 3283 auctorem
837 3223 1054 3305 Epitomarum
1075 3221 1241 3296 noirello,

193 3339 287 3400 wem
308 3322 436 3402 Augusti
454 3339 520 3380 sevo
540 3322 664 3395 vixisse,
679 3320 831 3402 longeque
849 3343 867 3384 a
886 3341 962 3382 vero
976 3321 1131 3381 aberrasse
1150 3319 1239 3396 illos,

193 3418 247 3497 qui
259 3417 412 3500 Spartieni
425 3431 457 3478 et
469 3416 601 3478 Charisii
612 3419 741 3482 Florum
754 3415 788 3478 in
798 3434 903 3481 nostro
912 3419 1092 3502 quaerebant
1094 3463 1198 3479 ......

233 3515 338 3596 Neque
357 3535 430 3577 vero
447 3515 515 3596 jam
532 3537 612 3599 opus
632 3517 704 3593 erit,
728 3517 974 3600 disquisitionem
994 3539 1045 3580 me
1064 3517 1146 3578 hene
1168 3515 1242 3576 inde

195 3607 303 3670 ordiri.
313 3651 320 3668 .
330 3653 338 3668 .
347 3655 357 3670 .
366 3611 465 3688 Quem
476 3614 576 3690 enim,
585 3635 704 3696 queso,
716 3616 825 3676 rectius
833 3628 863 3678 et
872 3613 1068 3699 probabilius
1076 3635 1133 3696 pro
1143 3607 1242 3674 nostri

196 3708 297 3790 operis
318 3720 441 3768 auctore
459 3707 645 3786 habeamus,
670 3733 765 3794 quam
785 3735 879 3794 quom
904 3711 1020 3772 ibidem
1043 3711 1240 3771 excitavimus

194 3803 306 3865 dulium
316 3803 450 3878 Florum,
460 3807 590 3873 Horatio
603 3810 814 3884 notissimum,
827 3809 876 3869 cui
887 3809 1049 3890 inscriptas
1061 3807 1138 3867 duas
1149 3803 1241 3884 hujus
1373 3829 1376 3841 ·

197 3913 294 3980 poetae
304 3900 467 3985 epistolas,
477 3903 530 3964 lib.
544 3907 575 3981 l,
590 3906 732 3981 3,et1ib.
745 3908 790 3981 11,
806 3925 842 3981 n,
855 3904 1026 3966 hodiedum
1037 3923 1157 3966 summa
1169 3923 1239 3962 cum

197 3997 354 4080 voluptate
373 3999 521 4082 legimus?
542 4004 570 4062 ls
590 4004 746 4085 profecto,
768 4001 886 4084 siquid
905 4023 962 4083 ego
981 4015 1061 4062 recte
1082 3998 1239 4070 divinari,

197 4108 359 4158 nostereet
371 4099 497 4174 Florus,
514 4099 864 4182 Epitomarumjelegans
883 4113 1011 4162 auctore
1012 4133 1221 4160 ···········
1222 4091 1241 4170 f·
