3108 4956
541 556 607 620 ln
629 515 921 620 LECTOREM.
1191 555 1251 643 337
1351 505 1363 552 ³

213 685 321 750 lacere
341 677 578 769 intelligebant.
601 681 761 745 Lecturos
781 681 905 768 quippe
924 701 983 744 sua
1000 702 1069 746 non
1089 680 1184 746 aliter
1204 681 1259 745 lm·

213 789 373 856 buissent.
392 789 437 852 Ut
450 801 563 850 autem
578 786 766 874 praecipuus
781 800 830 849 est
844 785 918 849 linis
931 807 1046 850 eorum
1062 787 1119 877 qui
1133 785 1260 877 aliquid

213 897 317 962 literis
338 894 497 960 mandant
518 891 609 982 q'uod
632 894 797 958 victurum
818 893 1014 980 opinentur,v
1030 894 1151 960 lamam
1170 894 1260 986 apud

214 1001 391 1094 populum,
405 1024 471 1091 quo
484 998 573 1065 docti
585 996 774 1076 videantur,
791 999 925 1078 mereri,
939 997 1039 1088 idque
1050 1024 1153 1066 unum
1165 1016 1261 1066 aucu-

215 1127 351 1200 pantur3
363 1125 471 1174 totum
485 1104 520 1170 id
535 1105 682 1195 pendere
694 1127 799 1196 quum
810 1121 984 1171 cernerent
994 1128 1012 1170 e
1022 1123 1120 1194 gustu
1130 1123 1163 1171 et
1173 1105 1261 1198 judi-

217 1219 268 1284 cio
284 1216 460 1294 lectorum,
477 1213 664 1278 satisfacere
673 1213 726 1281 ,eis
742 1211 956 1280 conabuntur.
973 1211 1044 1277 lilia
1062 1213 1115 1276 ria
1133 1214 1167 1279 id
1182 1214 1265 1279 obti-

217 1324 287 1388 neri
301 1344 370 1385 non
381 1334 524 1408 poterat,
540 1339 641 1407 quam
652 1333 691 1380 ut
705 1315 903 1381 scriberetur
917 1314 1009 1407 quod
1022 1316 1134 1405 legere
1148 1318 1266 1408 aliquis
1281 1367 1282 1372 .

219 1428 420 1516 dignaretur.
434 1426 517 1488 Nam
528 1445 590 1512 pro
600 1438 699 1510 captu
711 1423 909 1510 legentium,
923 1440 960 1487 ut
970 1422 1036 1487 fata
1047 1422 1124 1488 libri
1133 1415 1267 1504 babent,

219 1536 265 1598 ita
278 1548 311 1597 et
322 1521 484 1596 librorum
496 1544 657 1594 auctores.
674 1529 763 1594 Hinc
772 1526 898 1594 desidia
907 1544 983 1594 nata
997 1545 1046 1594 est
1056 1529 1269 1598 scribentium

222 1662 262 1703 ex
278 1637 408 1726 ignavia
425 1632 640 1700 studentium.
659 1635 827 1723 imperitia
844 1633 966 1704 deinde
985 1659 1024 1699 ex
1041 1633 1160 1700 eodem
1177 1637 1270 1702 fonte

223 1744 361 1810 ebulliit.
375 1743 441 1826 Qui
457 1741 545 1807 docti
565 1763 605 1806 eo
621 1754 773 1831 tempore
793 1740 899 1806 videri
917 1741 1088 1820 volebant,
1108 1759 1142 1809 et
1160 1744 1218 1833 qui
1236 1742 1269 1809 id

222 1873 345 1916 nomen
360 1872 399 1914 ex
414 1847 535 1912 merito
550 1846 673 1912 habere
691 1847 791 1912 etiam
804 1863 970 1936 poterant,
994 1871 1097 1938 quum
1115 1849 1270 1938 antiquos

223 1957 398 2046 scriptores
403 1953 515 2044 jacere
525 1950 691 2031 riderent,¹
703 1951 747 2017 ob
757 1951 933 2040 grandiora
943 1975 1083 2040 operum
1092 1953 1271 2033 volumina,

224 2086 299 2154 quae
317 2062 536 2152 reliquerant,
555 2057 740 2125 remedium
759 2060 896 2150 aliquod
915 2083 955 2124 ex
973 2061 1168 2126 necessitate
1187 2084 1274 2151 quae-

224 2170 364 2248 simunt,
380 2191 447 2258 quo
457 2167 530 2232 illos
539 2165 639 2254 vulgo
649 2164 820 2230 traderent
829 2164 1031 2244 noscendas,
1044 2187 1146 2254 seque
1157 2165 1273 2231 eadem

226 2299 327 2367 opera
340 2293 438 2342 notos
453 2277 488 2340 in
499 2275 618 2365 vulgus
634 2274 760 2340 darent.
780 2277 849 2340 Nec
863 2297 930 2340 uno
942 2274 1044 2340 modo
1057 2297 1176 2340 omnes
1185 2275 1219 2338 in
1235 2297 1275 2340 eo

225 2383 359 2472 negotio
369 2381 490 2448 versati
500 2396 640 2462 sunt‚ut
649 2381 683 2448 id
696 2381 785 2471 quod
796 2381 971 2470 captabant
980 2398 1274 2472 consequerentur.
1363 2459 1364 2464 γ

225 2487 367 2571 Quidam
380 2488 470 2577 ipsos
482 2505 633 2552 auctores
645 2488 679 2552 in
695 2489 863 2577 epitomen
876 2486 1092 2578 redegerunt,
1107 2488 1186 2578 ipsis
1198 2511 1274 2554 auc·

226 2610 335 2660 torum
347 2594 457 2660 verbis
471 2593 624 2674 servatis,
639 2611 696 2660 aut
706 2593 854 2682 paullum
867 2595 1057 2660 immutatis.
1073 2595 1137 2659 Alii
1150 2594 1277 2659 brevia·

227 2703 275 2766 ria
290 2701 442 2791 quaedam
457 2705 591 2792 proprio
608 2703 684 2768 stilo
697 2703 926 2784 confecerunt,
941 2727 981 2768 ex
996 2704 1093 2768 variis
1106 2703 1277 2792 scriptori-

227 2807 292 2872 bus
311 2807 521 2898 excerpendo
542 2808 633 2898 quod
657 2811 691 2873 in
713 2831 783 2874 rem
802 2808 981 2874 rideretur.
1004 2808 1162 2876 Nonnulli
1187 2811 1280 2898 quasi

229 2929 388 2978 centones
402 2915 671 2980 consarcinarunt
685 2937 723 2977 ex
738 2914 889 3001 pluribus
906 2914 1121 3001 scriptoribus
1134 2915 1191 3003 qui
1208 2937 1280 2978 rem

231 3016 383 3084 eamdem
400 3017 595 3097 tractabant,
615 3018 678 3082 alia
693 3017 735 3082 ab
751 3015 818 3096 his,
839 3019 902 3084 alia
916 3018 959 3083 ab
970 3018 1034 3082 illis
1047 3018 1225 3100 sumendo,
1244 3041 1282 3084 ac

231 3148 351 3215 corpus
362 3149 480 3205 unum,
490 3123 657 3190 hincinde
668 3124 814 3190 collectis
824 3125 1107 3191 alienismembris
1117 3143 1174 3192 aut
1184 3151 1283 3192 mem·

231 3232 368 3300 brorum
379 3234 565 3325 particulis,
578 3233 811 3300 condiderunt.
827 3238 876 3300 lta
888 3236 1024 3324 Digesta
1036 3241 1205 3304 contexuit
1216 3240 1285 3304 Tri-

232 3338 414 3420 bonianus,
433 3363 473 3404 ex
487 3339 638 3430 plurimis
655 3340 973 3406 Jurisconsultorum
990 3345 1235 3410 commentariis
1252 3362 1286 3409 et

234 3447 373 3536 scriptis.
396 3446 459 3512 Alii
480 3469 540 3535 per
560 3444 652 3511 locos
674 3435 867 3530 communes
890 3447 1098 3536 digesserunt
1122 3448 1285 3540 quidquid

235 3554 382 3644 praeclari
394 3553 428 3617 in
440 3552 630 3618 auctoribus
644 3552 853 3633 occurrebat,
867 3571 901 3618 et
911 3553 972 3618 sub
982 3571 1089 3619 certos
1102 3578 1139 3619 ac
1152 3577 1287 3642 genera-

235 3660 284 3726 les
295 3657 422 3739 titulos,
438 3681 512 3748 quae
524 3683 563 3724 ex
575 3659 672 3724 variis
685 3658 942 3739 defloraverant,
957 3675 1203 3748 congesserunt.
1216 3661 1289 3726 Hoc

233 3766 339 3832 modo
358 3765 545 3830 universam
559 3766 741 3832 Historiam
758 3767 982 3848 Graecanicam
998 3766 1185 3854 concerpsit
1204 3767 1288 3836 Con·

238 3877 400 3944 stentinus
414 3874 715 3966 porphyrogeneto.
734 3876 835 3966 Cujus
847 3876 971 3940 laboris
988 3874 1154 3940 beneficio
1165 3873 1293 3965 aliquot

238 3981 423 4070 fragmento
437 3979 580 4070 polybii,
596 4003 634 4046 ac
649 3980 775 4046 Nicolai
790 3981 1003 4060 Damasceni,
1018 3979 1219 4060 stallorum,
1234 4004 1292 4045 no·

239 4085 306 4168 bis,
323 4103 492 4176 tamquam
510 4110 550 4151 ex
564 4084 720 4151 incendio
736 4102 864 4174 erepta,
881 4103 1008 4150 servata
1022 4103 1099 4152 sunt
1113 4087 1147 4150 in
1163 4085 1294 4152 duobus

243 4193 361 4274 titulis,
383 4216 467 4282 quos
486 4193 527 4260 ab
547 4193 667 4282 injuria
685 4209 874 4282 temporum
891 4192 1071 4259 vindicavit
1088 4189 1296 4258 eruditorum
1400 4217 1401 4222 ¹

1134 4315 1167 4350 Η
