3156 4950
570 527 715 592 LIBER
737 525 959 592 TERTIUS.
1226 532 1289 610 247

248 663 376 750 ageret.
390 647 489 741 Quid
501 663 573 720 tam
590 673 748 747 aequum,
765 675 873 747 quam
886 653 1032 746 inopem
1045 647 1221 747 populum
1236 643 1297 722 vi·¹
1324 661 1339 713 5

246 793 329 840 vere
351 792 393 838 ex
415 770 539 838 aerario
557 765 639 838 suo?
659 765 757 858 Quid
779 766 826 838 ad
843 765 900 865 jus
916 765 1089 840 libertatis
1108 765 1288 866 aequandas
1322 750 1358 828 6=

245 888 355 982 magis
376 882 519 972 efficax,
543 909 651 983 quam
671 900 731 972 ut,
754 898 878 956 senatu
896 900 1041 983 regente
1066 885 1287 981 provincias,

245 999 378 1074 ordinis
399 1003 567 1099 equestris
586 1003 776 1071 auctoritas
797 997 921 1072 saltem
938 998 1156 1096 judiciorum
1177 1025 1287 1098 regno

243 1115 435 1189 niteretur?
448 1115 518 1189 Sed
531 1113 606 1188 baec
619 1119 695 1213 ipsa
710 1119 747 1185 in
761 1119 957 1212 perniciem
972 1113 1154 1203 redibant;
1174 1134 1210 1189 et
1223 1120 1289 1187 mi-
1324 1147 1338 1198 ς

243 1257 321 1304 sera
337 1229 536 1329 respublica
552 1234 588 1300 in
601 1232 745 1300 exitium
757 1254 860 1300 suum
876 1233 929 1300 sui
944 1255 1080 1301 merces
1096 1247 1187 1302 erat:
1204 1254 1288 1301 nam
1327 1251 1342 1299 a

245 1362 280 1419 et
299 1372 320 1418 a
340 1360 461 1418 senatu
481 1349 518 1416 in
540 1347 696 1442 equitem
715 1342 882 1416 translata
896 1342 1114 1443 judiciorum
1133 1360 1289 1442 potestas

243 1458 442 1560 vectigalia,
455 1459 493 1531 id
508 1474 575 1548 est,
588 1461 734 1562 imperii
739 1462 1010 1557 patrimonium,
1026 1457 1286 1557 supprimebat3

244 1590 279 1647 et
295 1577 403 1647 emtio
415 1572 602 1661 frumenti,
620 1575 714 1672 ipsos
731 1571 936 1672 reipublicae
952 1599 1098 1662 nervos,
1112 1569 1288 1644 exhaurie
1322 1601 1339 1652 9

242 1687 305 1763 bat
320 1693 492 1761 aerarium.
510 1684 645 1759 Reduci
660 1685 760 1786 plebs
774 1691 812 1758 in
830 1713 932 1786 agros
946 1685 1042 1758 unde
1059 1701 1199 1786 poterat
1213 1691 1287 1760 sine

243 1803 498 1902 possidentium
513 1807 709 1894 eversione,
724 1807 785 1903 qui
799 1807 867 1903 ipsi
880 1829 962 1903 pars
974 1800 1099 1902 populi
1117 1799 1238 1874 crant?
1252 1817 1286 1873 et
1308 1842 1339 1876 to

240 1935 359 1990 tamen
376 1915 513 1992 relictas
528 1917 594 1989 sibi
611 1917 836 2019 amajoribus
847 1918 946 1992 sedes
962 1936 1080 2010 aetate,
1098 1921 1196 2018 quasi
1206 1918 1287 2018 jure

239 2031 474 2124 hereditario,
487 2034 725 2135 possidebant.

239 2242 277 2291 sio
293 2238 365 2310 apud
380 2241 531 2311 quempiam
542 2253 659 2292 veterum
676 2258 742 2292 con·
785 2259 907 2294 emerces
929 2254 1017 2294 erat.»
1038 2242 1077 2293 Ita
1094 2239 1227 2304 Velleius,
1244 2241 1268 2292 ll
1276 2277 1285 2306 ,

237 2318 744 2390 junganturdtperarasacfocosrecte
785 2335 833 2386 aa,
853 2337 888 2389 7:
914 2333 965 2370 uus
984 2319 1095 2390 quisque
1114 2318 1156 2370 sui
1174 2315 1285 2389 periculi

239 2397 420 2468 significantur
431 2399 567 2451 domorum
581 2410 658 2470 utque
669 2417 744 2472 apro·
784 2416 907 2453 «merces
925 2397 1026 2451 foret·
1047 2396 1120 2450 ldem
1134 2401 1174 2464 11,
1189 2397 1239 2463 28,
1251 2399 1283 2466 4:

238 2479 743 2550 nsmpossessioneunamrustieaplebs
785 2476 933 2550 «fieretque
951 2479 1062 2550 quisque
1079 2495 1178 2530 merces
1192 2479 1284 2530 mortis

239 2559 266 2608 in
276 2559 343 2628 agris
351 2557 405 2611 fere
416 2557 565 2624 habitabat,
576 2570 602 2610 et
610 2577 659 2610 arse
665 2562 742 2630 juxta
786 2577 869 2610 ssure.
882 2583 893 2606 ι
950 2549 952 2556 ’

238 2637 306 2690 aedes
314 2641 393 2692 autin
401 2638 499 2692 aedibus
507 2639 584 2712 ipsis,
595 2639 662 2690 sicut
673 2639 740 2706 foci,
817 2641 841 2691 8.
849 2637 1284 2710 Nemetasenatu...supprimebat.

236 2713 414 2786 habebantur,
431 2715 504 2789 quod
522 2716 620 2770 docent
635 2720 739 2770 cornici.
780 2718 888 2790 Equites
897 2722 1024 2772 eniursuae
1032 2716 1284 2784 societatifarendo,

237 2795 367 2848 ceterum
381 2795 514 2866 vulgatam
527 2793 671 2849 lectionem
684 2810 741 2860 tue·
780 2797 1232 2865 velludificabantlocationern‚vel
1241 2819 1284 2850 re-

224 2885 282 2926 .tur
294 2875 389 2928 Florus
407 2877 493 2948 capite
510 2877 630 2946 sequenti
647 2874 740 2928 iisdem
780 2881 937 2946 mittebant,
950 2881 991 2932 vel
1003 2880 1193 2950 redemptionis
1207 2891 1284 2951 parte

238 2953 741 3028 seraverbisscribens,nepopulusqett·
781 2959 942 3012 relevabant.
956 2962 1101 3030 Propterea
1118 2951 1197 3010 etiem
1208 2957 1284 3028 judi.

239 3031 304 3084 tium
318 3032 399 3086 victor
408 3033 523 3105 orbisque
532 3051 664 3102 possessor,
677 3033 741 3086 lari·
780 3044 820 3094 cia
833 3041 964 3112 equitibus
978 3059 1031 3092 nou
1044 3039 1283 3105 referendarum,

240 3112 284 3164 bus
297 3131 328 3164 ue
333 3113 405 3184 focis
417 3113 469 3166 sus's
480 3111 616 3164 exsularet.
627 3111 740 3164 Videsne
781 3121 844 3190 quia
861 3142 872 3164 ι
883 3118 914 3171 ils
928 3120 1025 3172 etaient
1036 3118 1072 3172 les
1087 3117 1194 3172 truttam
1208 3121 1241 3172 de
1255 3121 1282 3174 ta

238 3211 301 3266 erqo
312 3192 376 3266 quid
385 3206 597 3266 perarosauctor
605 3211 686 3266 supra
695 3193 740 3246 de·
780 3195 998 3268 republique51'ls
1018 3199 1114 3250 etaient
1132 3197 1231 3266 arrides,
1251 3198 1283 3254 t'ls

237 3275 341 3344 signare
353 3273 480 3327 vuluerit?
497 3277 586 3328 Tlm·
778 3279 902 3332 somnient
914 3275 949 3331 les
957 3279 1086 3332 mallreurs
1095 3280 1159 3332 dans
1169 3276 1204 3334 les
1215 3281 1282 3334 mal·

273 3352 413 3427 5.1rsopem
419 3353 549 3428 populum
558 3353 740 3406 vivereexoera-
779 3357 870 3424 brun,
884 3357 1013 3428 faisaient
1030 3357 1114 3412 nultre
1132 3358 1168 3412 les
1186 3361 1283 3414 besoius

238 3431 277 3485 rio
294 3451 347 3486 suo.
366 3437 403 3488 Ex
421 3438 514 3488 serario
532 3433 739 3504 depromebatur
776 3439 876 3511 publics
886 3440 928 3492 des
943 3440 1040 3492 besos'us
1054 3441 1169 3513 publics,
1187 3454 1211 3494 st
1225 3443 1282 3496 lein

237 3516 363 3585 pecunia,
375 3533 428 3586 qua
440 3527 607 3568 coemeretur
619 3515 738 3566 frumen·
778 3519 809 3572 de
820 3521 947 3572 donuerri
960 3520 992 3572 de
1004 3518 1076 3574 telles
1086 3539 1150 3594 pens
1166 3521 1193 3574 la
1207 3523 1280 3594 puis-

236 3605 309 3658 tuns,
326 3591 399 3664 quod
409 3593 454 3645 vili
471 3597 557 3667 pretio
573 3593 738 3646 vendebatur
777 3621 853 3656 sance
862 3602 893 3654 de
899 3603 983 3674 juper,
998 3601 1020 3652 s'l
1027 3603 1195 3674 auraitfallu
1204 3605 1282 3676 qu’t'ls

236 3685 346 3743 propter
361 3670 446 3743 plebis
462 3675 587 3747 inopiam.
610 3677 668 3727 Hoc
684 3676 737 3726 soi·
777 3691 875 3734 eusseut
890 3681 933 3734 ltd
943 3699 1002 3734 saus
1014 3699 1078 3734 cesse
1090 3701 1148 3736 sous
1161 3681 1199 3736 les
1207 3702 1280 3754 yeur

236 3749 298 3804 licet
321 3753 506 3806 frumentarias
530 3754 601 3825 leges
621 3755 736 3826 respicit.
778 3761 1280 3834 desjuqes.»llournsoumutls'spritdes

236 3830 283 3883 En.
297 3831 395 3884 Deera.
777 3839 850 3905 nois,
863 3838 938 3910 cbap.
952 3839 1041 3891 XVII.

273 3927 298 3980 7.
316 3911 471 3984 Respublica
490 3915 517 3964 iu
536 3914 644 3964 exitium
661 3933 738 3967 suum
817 3935 856 3972 ro.
875 3919 912 3968 Et
926 3928 1021 3970 tamen.
1040 3915 1174 3990 subjunge
1191 3923 1279 3974 statim

235 3991 276 4044 sui
287 4009 381 4046 merces
389 4003 453 4046 erar.
465 3991 507 4046 Sic
518 3994 656 4046 Petronius
666 3994 738 4047 Bello
777 4009 839 4069 post
850 3996 1038 4069 possidentium
1052 3999 1195 4056 eremium?
1204 4011 1230 4055 et
1239 4013 1278 4056 ta-

236 4071 311 4124 Gisili
320 4071 354 4126 de
363 4071 458 4126 eedem
471 4091 499 4126 re
513 4073 619 4128 silonis
629 4073 686 4145 ipsa
698 4076 739 4128 sui
778 4093 853 4144 meu,
866 4090 915 4130 etc.

687 4249 826 4264 m
