3108 4956
291 514 355 604 296
619 515 654 576 n.
678 514 834 578 inunt
859 513 1006 578 raom

239 676 270 729 7¹
291 638 383 708 Nam
397 653 585 734 postquam
596 633 710 706 filium
721 639 939 733 comitesque
951 633 996 707 ab
1010 632 1174 733 amplexu
1186 633 1336 726 dimisit,
1394 609 1398 620 Ι

290 753 329 824 in
343 765 449 822 nocte
465 747 557 822 lecto
575 747 621 820 ad
634 746 816 821 lucernam
829 745 983 820 Platonis
994 746 1105 838 libro,
1119 752 1182 848 qui
1193 752 1337 820 immor-

290 863 463 938 talitatem
479 868 605 936 animae
624 861 746 953 docet,
764 861 962 962 paullulum
981 867 1134 963 quievit:
1152 879 1227 936 tum
1241 868 1338 936 cirea

291 983 446 1078 primam
464 979 619 1079 vigiliam
637 983 757 1052 stricto
776 977 894 1078 gladio
916 978 1109 1052 revelatum
1125 1005 1234 1050 manu
1248 1003 1336 1077 pec-

241 1127 273 1180 7²
291 1109 348 1166 tus
365 1091 474 1166 semel
495 1099 694 1192 iterumque
714 1097 895 1190 percussit.
919 1094 1003 1165 Ausi
1026 1091 1199 1191 posthoc
1222 1096 1338 1164 virum

292 1205 424 1278 medici
437 1205 570 1280 violare
581 1206 758 1280 fomentis.
772 1205 835 1280 llle
847 1233 982 1308 passus,
992 1206 1078 1280 dum
1091 1206 1335 1296 abscederent,

293 1321 436 1401 rescidit
458 1321 605 1422 plagas:
627 1341 818 1422 secutaque
838 1328 890 1397 vis
910 1321 1338 1423 sanguinis'moribundas

293 1463 418 1516 mantra
431 1442 467 1510 in
484 1443 561 1536 ipso
579 1437 723 1512 vulnere
737 1437 890 1537 reliquit.

243 1578 277 1646 73
343 1552 453 1641 Quasi
466 1580 538 1625 nou
552 1571 642 1626 esset
652 1579 801 1653 usquam
814 1553 1037 1644 dimicatum,
1049 1559 1099 1628 sic
1111 1581 1210 1626 arma
1221 1579 1338 1627 rursus

295 1684 330 1740 et
352 1684 487 1765 partes:
507 1686 711 1770 quantoque
728 1668 847 1742 Africa
867 1697 974 1768 supra
990 1668 1223 1760 Thessaliam,
1240 1685 1338 1742 tanto

243 1805 277 1876 74
294 1779 452 1854 Africam
471 1783 662 1880 superabat
680 1788 860 1882 Hispania.
885 1783 1081 1856 Plurimum
1099 1801 1270 1884 quantum
1286 1783 1341 1856 fa-

295 1900 388 1970 voris
396 1896 556 1995 partibus
564 1897 672 1971 dabat
679 1898 879 1971 fraternitas
891 1897 1040 1989 ducum,
1051 1915 1160 1997 etpro
1168 1924 1239 1971 uno
1253 1896 1340 1970 duos

295 2027 387 2084 stare
399 2015 597 2110 Pompeios.
611 2015 735 2113 ltaque
749 2039 922 2113 nusquam
935 2018 1105 2100 atrocius,
1120 2030 1270 2086 nectam
1283 2038 1342 2084 au·

245 2141 278 2214 7⁵
297 2130 396 2224 cipiti
421 2127 537 2200 Marte
565 2153 776 2200 concursum
806 2143 868 2202 est.
898 2128 1057 2200 Primum
1083 2131 1120 2199 in
1147 2133 1224 2226 ipso
1252 2131 1340 2200 ostio

298 2243 434 2312 Oceani
450 2245 565 2317 Varus
582 2241 776 2342 Didiusque
795 2242 900 2342 legati
917 2240 1129 2314 conflixere:
1150 2241 1214 2314 sed
1229 2246 1343 2315 acrius
1396 2340 1397 2344 Ἰ

285 2355 365 2432 quit
377 2383 459 2428 cum
473 2363 551 2456 ipso
567 2362 675 2448 mari,
688 2385 796 2457 qnam
813 2362 904 2430 inter
915 2383 951 2429 se
965 2355 1113 2431 navibus
1126 2356 1261 2432 bellum
1275 2385 1282 2428 :
1298 2359 1343 2430 si-

299 2455 463 2570 quidem,
485 2470 581 2544 velut
604 2472 764 2544 furorem
783 2477 934 2545 civicum
955 2477 1140 2572 castigaret
1159 2475 1340 2559 Oceanus,

248 2601 284 2675 76
299 2601 486 2685 utramque
504 2585 649 2659 classem
664 2585 848 2686 naufragio
864 2585 1001 2659 cecidit.
1017 2587 1171 2677 Quinam
1185 2585 1243 2660 ille
1254 2584 1343 2658 hor—

299 2726 373 2788 ror,
385 2727 467 2772 cum
477 2699 776 2800 eodemtempore
786 2701 928 2790 fluctus,
938 2701 1119 2800 procellae,
1129 2707 1211 2793 viri,
1222 2727 1343 2791 naves,

300 2832 519 2890 armamenta
532 2815 780 2916 confligerent?
788 2817 880 2891 adde
890 2821 973 2890 situs
985 2821 1092 2916 ipsius
1101 2816 1344 2906 formidinem,

301 2937 480 3031 vergentia
497 2937 535 3005 in
553 2959 680 3022 unum,
702 2932 785 3005 hinc
805 2934 999 3031 Hispaniae,
1021 2931 1105 3005 inde
1125 2934 1346 3008 Mauritania

299 3199 356 3236 nuit
370 3199 483 3236 tuumne
494 3201 602 3254 curten,
614 3205 709 3257 nempe
720 3186 803 3240 utde·
843 3185 987 3236 Plurimum
1006 3203 1102 3257 nempe
1120 3185 1200 3237 saeviit
1215 3182 1267 3234 hec
1285 3180 1345 3233 bel-

300 3260 425 3313 clamatio
442 3262 550 3326 fierent,
564 3276 594 3316 ut
608 3265 644 3315 ait
659 3263 800 3316 luvenalis.
843 3264 913 3330 lum,
926 3276 953 3317 et
968 3275 1068 3316 tantuin
1084 3276 1225 3334 quantum,
1244 3251 1295 3312 etc'.
1305 3300 1310 3312 .
1322 3299 1345 3312 ..

275 3383 280 3396 ι
338 3357 380 3409 7²·
402 3340 508 3394 Violate
519 3341 656 3412 fontenet.
675 3343 802 3394 Catonem
843 3343 886 3395 Sic
906 3342 997 3394 crece
1014 3341 1121 3392 elsinas
1140 3336 1198 3392 im.
1215 3367 1251 3378 -
1264 3337 1347 3391 Pem-

301 3417 428 3470 violatum
447 3420 573 3471 fomentis
587 3419 665 3486 dicit,
683 3423 758 3490 quasi
772 3441 805 3473 ea
842 3421 922 3492 peius.
940 3423 976 3474 Μ.
992 3421 1108 3492 Pompeii
1122 3419 1189 3472 lilios
1202 3421 1308 3474 Sextum
1320 3430 1346 3470 et

301 3497 803 3570 reinjuriailliillata,etlibertasejus
844 3501 960 3552 Gnaeum.
1297 3497 1300 3502 ’

301 3575 397 3629 violata
412 3579 517 3642 fuisset,
535 3579 581 3649 qui
599 3597 677 3651 quam
692 3582 803 3632 maxime
879 3577 922 3650 75.
932 3581 959 3634 V
956 3578 1173 3651 antsDidiusque.
1181 3581 1266 3630 Varus
1274 3578 1348 3628 Pem-

299 3657 379 3722 liber,
396 3671 422 3710 ct
436 3661 477 3710 sui
489 3660 557 3728 juris
569 3677 626 3710 esse
642 3659 756 3712 volebat.
769 3689 805 3699 -
845 3661 898 3731 peii
919 3657 1034 3730 legatus,
1053 3658 1147 3710 Didius
1166 3676 1228 3711 vero
1247 3657 1347 3727 legatus

301 3737 412 3790 Rescidit
426 3737 526 3812 plagas.
547 3739 646 3794 Seneca
662 3738 695 3790 de
716 3741 805 3790 Provi·
845 3752 902 3790 erat
913 3739 1030 3790 usseris.

300 3816 388 3870 dentia
414 3819 450 3884 ll,
480 3817 531 3871 16:
561 3816 705 3872 «Gladium
728 3837 804 3872 sacro
882 3817 925 3887 76.
947 3816 1128 3869 Armamenta.
1149 3817 1349 3868 armamentum

303 3921 315 3946 ι
326 3900 428 3968 pectori
438 3899 535 3969 infigit,
546 3902 644 3952 viscera
656 3900 769 3970 spargit,
779 3911 806 3950 et
847 3893 969 3948 omnibus
987 3895 1060 3946 navis
1080 3895 1263 3947 instrumentis
1284 3911 1348 3944 een-

304 3974 398 4028 ·illam
412 3979 605 4032 sanctissimam
618 3980 746 4046 animam,
764 3980 806 4030 in·
846 3989 911 4044 stat,
922 3973 1122 4046 girbernaeulo,
1133 3975 1258 4046 remigio,
1271 3972 1347 4036 velis,

302 4081 315 4104 ι
325 4053 433 4126 ὤμω
449 4077 507 4128 qnae
523 4061 595 4110 ferro
611 4059 806 4110 contaminare.
846 4051 1016 4116 rudentibus,
1028 4051 1199 4104 ete-Hinc
1206 4051 1350 4122 Hispaniae,

302 4148 377 4200 atur,
395 4153 475 4189 manu
486 4136 606 4190 educit.»
847 4134 906 4186 inde
924 4133 1093 4186 Mauritaniae
1116 4131 1201 4185 litem.
1225 4133 1351 4184 Maurita-

336 4210 368 4285 74
407 4214 557 4268 Plurimum
579 4225 727 4286 quantum,
754 4231 804 4268 ete.
846 4217 895 4268 niae
910 4228 936 4266 et
955 4215 1087 4285 Hispaniae
1101 4213 1178 4266 litora
1194 4213 1249 4264 fere
1264 4213 1350 4264 couti-
