3156 4950
557 564 700 630 LIBER
721 561 943 627 TERTIUS.
1209 559 1272 624 233

233 673 305 763 non
334 687 396 761 diu
425 685 643 788 lapidatione
669 705 826 762 terruere
858 689 1047 759 Romanos.
1080 689 1272 785 Postquam
1309 718 1324 771 7

234 807 391 876 cominus
412 785 558 875 ventum
581 820 649 892 est,
672 806 879 901 expertique
901 816 1028 889 rostra,
1056 817 1092 873 et
1114 798 1187 899 pila
1209 827 1272 872 ve-

232 921 382 1006 nientia,
396 915 576 1016 pecudum
589 920 625 987 in
641 942 799 1004 morem,
816 912 972 986 clamore
986 911 1143 1003 sublato,
1160 918 1273 1014 petie-

233 1045 315 1101 runt
336 1027 420 1129 fuga
437 1027 552 1102 litora.
574 1029 709 1127 Dilapsi
730 1032 767 1100 in
786 1031 968 1126 proximos
985 1026 1159 1118 tumulos,
1183 1055 1273 1129 quae-
1310 1046 1325 1096 a

233 1145 334 1219 rendi
348 1144 507 1236 fuerunt,
522 1160 562 1217 ut
573 1149 808 1218 vincerentur.

232 1407 1276 1442 mmmmmmmwswswwnmwwvmmwmmm

719 1607 794 1686 lX.

357 1838 358 1846 ‘
422 1864 722 1939 nxrrnrrro
754 1864 810 1936 tn
841 1863 1095 1935 cranone

280 2106 413 2179 Aderat
428 2105 541 2179 fatum
560 2104 771 2178 insularum:
793 2108 902 2204 igitur
920 2118 955 2176 et
974 2105 1114 2202 Cypros
1134 2119 1277 2200 recepta
1299 2135 1306 2168 t

234 2223 308 2292 sine
324 2220 431 2293 bello.
451 2220 604 2294 Insulam
623 2220 800 2293 veteribus
817 2218 947 2290 divitiis
965 2215 1223 2305 abundantem,
1244 2232 1278 2289 et
1296 2241 1310 2274 2

235 2332 282 2405 ob
299 2332 368 2406 hoc
383 2338 515 2408 Veneri
529 2360 684 2427 sacram,
701 2333 910 2407 Ptolemaeus
927 2330 1089 2433 regebat3
1109 2328 1172 2402 scd
1189 2329 1279 2402 divi·
1297 2340 1312 2392 3

233 2451 363 2520 tiarum
383 2464 481 2522 tanta
502 2465 577 2522 crat
594 2447 709 2540 fama,
727 2475 793 2522 nec
810 2447 917 2540 falso,
933 2465 975 2521 ut
989 2451 1104 2521 victor
1121 2450 1279 2546 gentium

232 2562 405 2662 populus,
429 2580 464 2638 et
487 2564 622 2638 donare
645 2592 755 2666 regna
777 2581 982 2655 consuetus,
1001 2561 1127 2636 Publio
1151 2558 1278 2633 Clodio
1361 2661 1364 2678 Ι

268 2748 351 2802 'Can
370 2751 414 2803 lX.
429 2752 571 2806 hennino
585 2769 611 2805 tn
623 2755 734 2806 Criton.
777 2766 818 2810 tra
827 2751 955 2803 Granium
970 2748 1089 2801 defendit
1103 2745 1234 2799 Dulcius.
1245 2745 1280 2797 At

233 2825 312 2878 Anno
325 2827 405 2880 Urbis
417 2831 529 2882 conditae
546 2831 615 2900 696,
632 2831 734 2885 anteG.
777 2833 822 2902 qui
833 2827 1042 2884 Freinshemium
1054 2837 1211 2896 sequuntur,
1224 2843 1280 2877 ser·
1383 2823 1386 2830 ’

233 2906 267 2956 Ν.
286 2904 333 2969 58,
351 2924 418 2958 coss.
434 2907 464 2959 L.
481 2909 625 2978 Calpurnio
641 2912 736 2963 Pisone
775 2923 836 2962 vata
852 2927 918 2960 voce
936 2906 1046 2971 divitiis,
1065 2901 1280 2972 insequentibus

234 2983 371 3050 Caesonio,
381 2985 413 3035 A.
424 2984 530 3038 Sabino.
541 2988 621 3058 Quod
632 2987 684 3040 hoc
695 3006 737 3040 ea·
776 3007 826 3058 pro
835 2989 867 3040 ab
876 2987 937 3052 lior,
946 2983 1173 3055 cogunturleqere
1180 2983 1216 3034 ad
1221 2981 1279 3048 boc,

233 3065 289 3136 pite
301 3066 462 3133 continetur,
475 3064 590 3118 babetur
602 3067 708 3119 abunde
721 3087 737 3119 a
776 3067 936 3118 collectioni
948 3066 1039 3115 favent
1048 3062 1133 3136 llyclq
1143 3063 1220 3115 Voss.
1231 3063 1280 3129 111,

232 3141 376 3197 Plutarcho
390 3145 418 3196 in
429 3145 481 3196 vita
494 3146 602 3198 Catonis
613 3147 735 3216 junioris.
776 3157 856 3214 atque
866 3141 929 3196 edit.
939 3146 1041 3194 bonon.
1052 3142 1170 3212 legentes
1179 3142 1211 3193 ab
1221 3142 1279 3193 boc.

233 3223 354 3277 Meminit
364 3223 604 3278 abbreviatoeli'vn'
613 3225 659 3277 lib.
670 3223 736 3276 clv.
777 3223 866 3276 Tarae.

235 3301 346 3357 Cantas.
813 3303 838 3355 3.
858 3303 962 3354 Donare
974 3320 1055 3375 repna
1065 3311 1208 3354 consuetae.
1224 3299 1279 3354 Ca-

273 3401 295 3435 r.
313 3384 411 3438 Aderat
415 3385 507 3456 fatum
520 3383 673 3438 insularum.
686 3386 738 3437 Eo-
774 3387 819 3455 jus
831 3382 938 3456 quidem
951 3384 989 3434 rei
1000 3400 1054 3432 non
1067 3399 1149 3434 unum
1164 3381 1281 3432 occurrit

235 3459 296 3514 dent
307 3463 374 3516 redit
390 3464 455 3517 illud
468 3481 566 3536 supra,
583 3465 622 3530 ll,
642 3465 689 3528 16,
706 3481 735 3517 t:
778 3463 926 3534 exemplum
938 3465 966 3514 in
981 3461 1091 3514 historia
1103 3462 1231 3512 Romana.
1245 3462 1281 3511 At

238 3541 335 3610 nquasi
346 3541 468 3593 saeculum
479 3541 547 3594 illud
558 3542 736 3596 eversionibus
776 3561 811 3596 nc
822 3561 872 3595 nos
889 3542 998 3595 deludat
1013 3561 1080 3594 vana
1097 3541 1281 3593 munificentiae

234 3614 340 3668 urbium
352 3633 501 3672 curreret.»
776 3624 878 3695 species
893 3622 966 3694 apud
982 3623 1129 3696 populum,
1142 3625 1218 3691 cujus
1233 3619 1281 3672 ab·

271 3713 296 3748 2.
314 3695 434 3749 Insulam
453 3699 612 3752 vennam...
626 3719 734 3753 samm.
776 3701 1282 3773 minantia,quumreqidevictoreqnum

233 3778 372 3849 ingeniose
397 3777 440 3830 hic
467 3779 571 3848 Lipsius
595 3779 736 3850 legendum
776 3781 943 3847 restitueret,
967 3797 1073 3850 semper
1092 3779 1125 3830 ad
1145 3780 1281 3850 propriam

234 3857 408 3927 conjiciebat,
423 3853 542 3909 Insulam
556 3859 737 3910 veteribusde·
777 3860 918 3913 utilitatem
940 3858 1110 3930 pertinebat:
1138 3858 1208 3909 abes
1228 3858 1282 3909 Ito-

234 3934 302 3988 lt'aa's's
313 3935 506 3988 abundantem:
520 3951 578 4005 quse
589 3934 667 3988 lectio
677 3955 738 4008 pro·
777 3941 862 3990 mains
871 3937 977 3990 ancient
985 3939 1161 4001 attonitam,
1172 3937 1202 3990 de
1214 3947 1283 3990 toute
1315 3975 1319 3984 -

234 4015 306 4068 fecto
320 4018 402 4087 magis
415 4016 539 4068 convenit
551 4015 737 4085 sequentibus,
778 4015 945 4082 annuunt,
958 4017 989 4068 de
999 4013 1130 4068 laisserles
1139 4014 1283 4088 Roitqa'ils

235 4109 261 4147 et
274 4097 305 4148 ab
320 4095 368 4148 lsoa
386 4094 482 4150 Veneri
493 4113 606 4158 samm,
624 4112 703 4164 quarn
717 4097 739 4148 si
777 4097 883 4149 avaient
898 4107 1043 4148 snmtontea
1056 4115 1089 4148 en
1104 4096 1131 4149 In
1143 4098 1281 4168 paoessioa

235 4193 296 4228 cum
303 4175 377 4228 libris
385 4173 651 4228 retineamnsdivt'tt't's.
658 4176 738 4228 Recte
778 4176 810 4228 de
822 4175 889 4230 laun
898 4178 1057 4248 Royaumes,
1069 4178 1142 4230 saabs
1155 4175 1212 4230 leur
1221 4197 1282 4228 anc-

237 4254 391 4324 igiturhanc
399 4256 478 4328 lipsii
486 4259 668 4327 conjecturam
675 4275 738 4308 con·
779 4257 868 4322 toute,
881 4279 892 4302 ι
902 4256 919 4308 d
929 4275 959 4309 te
967 4257 1040 4327 qu’ils
1050 4271 1156 4311 euaserat
1165 4256 1211 4312 des
1221 4274 1281 4328 ruys
