<?xml version="1.0" encoding="UTF-8"?>
<!DOCTYPE html PUBLIC "-//W3C//DTD XHTML 1.0 Transitional//EN"
    "http://www.w3.org/TR/xhtml1/DTD/xhtml1-transitional.dtd">
<html xmlns="http://www.w3.org/1999/xhtml" xml:lang="en" lang="en">
 <head>
  <title>
</title>
<meta http-equiv="Content-Type" content="text/html;charset=utf-8" />
  <meta name='ocr-system' content='tesseract 3.04.00' />
  <meta name='ocr-capabilities' content='ocr_page ocr_carea ocr_par ocr_line ocrx_word'/>
</head>
<body>
  <div class='ocr_page' id='page_1' title='image "./luciiannaeiflor00lemagoog_0560.png"; bbox 0 0 3010 4948; ppageno 0'>
   <div class='ocr_carea' id='block_1_1' title="bbox 562 702 762 767">
    <p class='ocr_par' dir='ltr' id='par_1_1' title="bbox 562 702 762 767">
     <span class='ocr_line' id='line_1_1' title="bbox 562 702 762 767; baseline -0.02 0"><span class='ocrx_word' id='word_1_1' title='bbox 562 702 762 767; x_wconf 81' lang='lat' dir='ltr'>TABULA.</span> 
     </span>
    </p>
   </div>
   <div class='ocr_carea' id='block_1_2' title="bbox 143 897 1219 2148">
    <p class='ocr_par' dir='ltr' id='par_1_2' title="bbox 143 897 1187 1083">
     <span class='ocr_line' id='line_1_2' title="bbox 143 897 1067 984; baseline -0.005 -17"><span class='ocrx_word' id='word_1_2' title='bbox 143 905 218 967; x_wconf 73' lang='lat' dir='ltr'>Gn.</span> <span class='ocrx_word' id='word_1_3' title='bbox 234 903 371 964; x_wconf 80' lang='lat' dir='ltr'>XXVIII.</span> <span class='ocrx_word' id='word_1_4' title='bbox 426 901 579 984; x_wconf 66' lang='lat' dir='ltr'>Quireges</span> <span class='ocrx_word' id='word_1_5' title='bbox 588 901 636 962; x_wconf 84' lang='lat' dir='ltr'>vel</span> <span class='ocrx_word' id='word_1_6' title='bbox 646 901 737 964; x_wconf 85' lang='lat' dir='ltr'>duces</span> <span class='ocrx_word' id='word_1_7' title='bbox 746 922 818 962; x_wconf 86' lang='lat' dir='ltr'>cum</span> <span class='ocrx_word' id='word_1_8' title='bbox 827 901 976 982; x_wconf 78' lang='lat' dir='ltr'>Romanis</span> <span class='ocrx_word' id='word_1_9' title='bbox 984 897 1067 962; x_wconf 82' lang='lat' dir='ltr'>belis</span> 
     </span>
     <span class='ocr_line' id='line_1_3' title="bbox 469 999 1187 1083; baseline -0.01 -20"><span class='ocrx_word' id='word_1_10' title='bbox 469 1013 641 1082; x_wconf 76' lang='lat' dir='ltr'>gesserunt.</span> <span class='ocrx_word' id='word_1_11' title='bbox 659 1041 1063 1060; x_wconf 87' lang='grc'><strong>.....................</strong></span> <span class='ocrx_word' id='word_1_12' title='bbox 1129 999 1187 1083; x_wconf 88' lang='lat'>377</span> 
     </span>
    </p>

    <p class='ocr_par' dir='ltr' id='par_1_3' title="bbox 234 1098 1219 2148">
     <span class='ocr_line' id='line_1_4' title="bbox 234 1098 1069 1181; baseline -0.005 -21"><span class='ocrx_word' id='word_1_13' title='bbox 234 1099 342 1160; x_wconf 88' lang='lat' dir='ltr'>XXIX.</span> <span class='ocrx_word' id='word_1_14' title='bbox 428 1099 528 1160; x_wconf 76' lang='lat' dir='ltr'>status</span> <span class='ocrx_word' id='word_1_15' title='bbox 541 1098 649 1181; x_wconf 92' lang='lat' dir='ltr'>populi</span> <span class='ocrx_word' id='word_1_16' title='bbox 661 1098 795 1158; x_wconf 80' lang='lat' dir='ltr'>Romani</span> <span class='ocrx_word' id='word_1_17' title='bbox 807 1116 883 1178; x_wconf 80' lang='lat' dir='ltr'>ques</span> <span class='ocrx_word' id='word_1_18' title='bbox 896 1111 1069 1158; x_wconf 80' lang='lat' dir='ltr'>eommuta-</span> 
     </span>
     <span class='ocr_line' id='line_1_5' title="bbox 466 1193 1190 1276; baseline 0 -22"><span class='ocrx_word' id='word_1_19' title='bbox 466 1195 566 1256; x_wconf 85' lang='lat' dir='ltr'>tiones</span> <span class='ocrx_word' id='word_1_20' title='bbox 579 1193 722 1255; x_wconf 83' lang='lat' dir='ltr'><strong>habuerit</strong></span> <span class='ocrx_word' id='word_1_21' title='bbox 729 1234 1027 1254; x_wconf 82' lang='lat'><strong>...............</strong></span> <span class='ocrx_word' id='word_1_22' title='bbox 1131 1194 1190 1276; x_wconf 83' lang='lat'>378</span> 
     </span>
     <span class='ocr_line' id='line_1_6' title="bbox 235 1277 1190 1375; baseline -0.001 -22"><span class='ocrx_word' id='word_1_23' title='bbox 235 1295 329 1354; x_wconf 84' lang='lat' dir='ltr'>xxx.</span> <span class='ocrx_word' id='word_1_24' title='bbox 427 1277 556 1354; x_wconf 62' lang='lat' dir='ltr'>nuum</span> <span class='ocrx_word' id='word_1_25' title='bbox 570 1293 657 1375; x_wconf 67' lang='lat' dir='ltr'>regni</span> <span class='ocrx_word' id='word_1_26' title='bbox 670 1290 859 1352; x_wconf 57' lang='lat' dir='ltr'>niunden.</span> <span class='ocrx_word' id='word_1_27' title='bbox 862 1333 1006 1354; x_wconf 92' lang='grc'><strong>........</strong></span> <span class='ocrx_word' id='word_1_28' title='bbox 1133 1292 1190 1373; x_wconf 79' lang='lat'>37⁸</span> 
     </span>
     <span class='ocr_line' id='line_1_7' title="bbox 235 1387 1191 1471; baseline -0.001 -22"><span class='ocrx_word' id='word_1_29' title='bbox 235 1391 343 1450; x_wconf 83' lang='lat' dir='ltr'>XXXI.</span> <span class='ocrx_word' id='word_1_30' title='bbox 425 1390 519 1471; x_wconf 76' lang='lat' dir='ltr'>Reges</span> <span class='ocrx_word' id='word_1_31' title='bbox 535 1387 724 1449; x_wconf 76' lang='lat' dir='ltr'><strong>Parthorum</strong></span> <span class='ocrx_word' id='word_1_32' title='bbox 726 1428 1065 1450; x_wconf 84' lang='lat'>..................</span> <span class='ocrx_word' id='word_1_33' title='bbox 1131 1388 1191 1450; x_wconf 85' lang='grc' dir='ltr'>38ο</span> 
     </span>
     <span class='ocr_line' id='line_1_8' title="bbox 236 1485 1188 1570; baseline -0.003 -21"><span class='ocrx_word' id='word_1_34' title='bbox 236 1488 359 1549; x_wconf 88' lang='lat' dir='ltr'>XXXII.</span> <span class='ocrx_word' id='word_1_35' title='bbox 428 1488 523 1569; x_wconf 82' lang='lat' dir='ltr'>Reges</span> <span class='ocrx_word' id='word_1_36' title='bbox 537 1486 737 1570; x_wconf 73' lang='lat' dir='ltr'>Cappadociae</span> <span class='ocrx_word' id='word_1_37' title='bbox 751 1499 781 1547; x_wconf 87' lang='lat' dir='ltr'>et</span> <span class='ocrx_word' id='word_1_38' title='bbox 794 1487 961 1547; x_wconf 80' lang='lat' dir='ltr'>Armeniae.</span> <span class='ocrx_word' id='word_1_39' title='bbox 979 1527 1066 1545; x_wconf 83' lang='lat'>.....</span> <span class='ocrx_word' id='word_1_40' title='bbox 1132 1485 1188 1548; x_wconf 82' lang='lat'>381</span> 
     </span>
     <span class='ocr_line' id='line_1_9' title="bbox 237 1579 1219 1666; baseline -0.002 -22"><span class='ocrx_word' id='word_1_41' title='bbox 237 1584 373 1645; x_wconf 88' lang='lat' dir='ltr'>XXXIII.</span> <span class='ocrx_word' id='word_1_42' title='bbox 429 1585 526 1666; x_wconf 79' lang='lat' dir='ltr'>Reges</span> <span class='ocrx_word' id='word_1_43' title='bbox 539 1585 616 1644; x_wconf 80' lang='lat' dir='ltr'>Xsiae</span> <span class='ocrx_word' id='word_1_44' title='bbox 627 1597 657 1644; x_wconf 80' lang='lat' dir='ltr'>et</span> <span class='ocrx_word' id='word_1_45' title='bbox 670 1583 827 1664; x_wconf 79' lang='lat' dir='ltr'>Pergami.</span> <span class='ocrx_word' id='word_1_46' title='bbox 843 1624 1067 1642; x_wconf 91' lang='lat'>............</span> <span class='ocrx_word' id='word_1_47' title='bbox 1133 1579 1219 1643; x_wconf 79' lang='lat'><strong>382¹</strong></span> 
     </span>
     <span class='ocr_line' id='line_1_10' title="bbox 237 1677 1190 1763; baseline -0.002 -23"><span class='ocrx_word' id='word_1_48' title='bbox 237 1681 373 1741; x_wconf 86' lang='lat' dir='ltr'>XXXIV.</span> <span class='ocrx_word' id='word_1_49' title='bbox 431 1682 527 1762; x_wconf 77' lang='lat' dir='ltr'>Reges</span> <span class='ocrx_word' id='word_1_50' title='bbox 543 1681 634 1740; x_wconf 75' lang='lat' dir='ltr'>Ponti</span> <span class='ocrx_word' id='word_1_51' title='bbox 648 1691 678 1739; x_wconf 85' lang='lat' dir='ltr'>et</span> <span class='ocrx_word' id='word_1_52' title='bbox 691 1678 859 1763; x_wconf 75' lang='lat' dir='ltr'>Bithynius.</span> <span class='ocrx_word' id='word_1_53' title='bbox 877 1720 1067 1739; x_wconf 89' lang='lat'>..........</span> <span class='ocrx_word' id='word_1_54' title='bbox 1134 1677 1190 1738; x_wconf 80' lang='lat'>382</span> 
     </span>
     <span class='ocr_line' id='line_1_11' title="bbox 237 1776 1191 1860; baseline 0 -22"><span class='ocrx_word' id='word_1_55' title='bbox 237 1778 359 1840; x_wconf 86' lang='lat' dir='ltr'>XXXV.</span> <span class='ocrx_word' id='word_1_56' title='bbox 430 1781 527 1860; x_wconf 77' lang='lat' dir='ltr'>Reges</span> <span class='ocrx_word' id='word_1_57' title='bbox 541 1776 731 1839; x_wconf 74' lang='lat' dir='ltr'>Alexandriae</span> <span class='ocrx_word' id='word_1_58' title='bbox 738 1818 1066 1836; x_wconf 82' lang='lat'>.................</span> <span class='ocrx_word' id='word_1_59' title='bbox 1133 1777 1191 1838; x_wconf 91' lang='grc'>383</span> 
     </span>
     <span class='ocr_line' id='line_1_12' title="bbox 237 1871 1195 1958; baseline -0.001 -23"><span class='ocrx_word' id='word_1_60' title='bbox 237 1874 373 1936; x_wconf 91' lang='lat' dir='ltr'>XXXVI.</span> <span class='ocrx_word' id='word_1_61' title='bbox 432 1875 533 1935; x_wconf 87' lang='lat' dir='ltr'>Duces</span> <span class='ocrx_word' id='word_1_62' title='bbox 545 1888 576 1936; x_wconf 86' lang='lat' dir='ltr'>et</span> <span class='ocrx_word' id='word_1_63' title='bbox 587 1897 670 1957; x_wconf 75' lang='lat' dir='ltr'>reges</span> <span class='ocrx_word' id='word_1_64' title='bbox 682 1874 1001 1958; x_wconf 77' lang='lat' dir='ltr'>Carthaginiensium.</span> <span class='ocrx_word' id='word_1_65' title='bbox 1016 1916 1024 1933; x_wconf 90' lang='lat'>.</span> <span class='ocrx_word' id='word_1_66' title='bbox 1041 1917 1067 1932; x_wconf 92' lang='lat'>..</span> <span class='ocrx_word' id='word_1_67' title='bbox 1135 1871 1195 1949; x_wconf 91' lang='grc'>384</span> 
     </span>
     <span class='ocr_line' id='line_1_13' title="bbox 240 1965 1196 2052; baseline -0.001 -22"><span class='ocrx_word' id='word_1_68' title='bbox 240 1970 391 2030; x_wconf 91' lang='lat' dir='ltr'>XXXVII.</span> <span class='ocrx_word' id='word_1_69' title='bbox 431 1971 527 2052; x_wconf 77' lang='lat' dir='ltr'>Reges</span> <span class='ocrx_word' id='word_1_70' title='bbox 542 1971 708 2030; x_wconf 72' lang='lat' dir='ltr'>Numidiae.</span> <span class='ocrx_word' id='word_1_71' title='bbox 724 2010 1070 2030; x_wconf 86' lang='lat'>..................</span> <span class='ocrx_word' id='word_1_72' title='bbox 1136 1965 1196 2044; x_wconf 87' lang='grc'>384</span> 
     </span>
     <span class='ocr_line' id='line_1_14' title="bbox 239 2065 1193 2148; baseline -0.001 -20"><span class='ocrx_word' id='word_1_73' title='bbox 239 2065 405 2127; x_wconf 89' lang='lat' dir='ltr'>XXXVIII.</span> <span class='ocrx_word' id='word_1_74' title='bbox 432 2069 527 2148; x_wconf 77' lang='lat' dir='ltr'>Reges</span> <span class='ocrx_word' id='word_1_75' title='bbox 542 2068 739 2128; x_wconf 72' lang='lat' dir='ltr'>Mauritaniae</span> <span class='ocrx_word' id='word_1_76' title='bbox 746 2108 1069 2130; x_wconf 88' lang='lat'>.................</span> <span class='ocrx_word' id='word_1_77' title='bbox 1136 2066 1193 2128; x_wconf 77' lang='lat'>385</span> 
     </span>
    </p>
   </div>
   <div class='ocr_carea' id='block_1_3' title="bbox 223 2163 1290 2828">
    <p class='ocr_par' dir='ltr' id='par_1_4' title="bbox 241 2163 1075 2247">
     <span class='ocr_line' id='line_1_15' title="bbox 241 2163 1075 2247; baseline -0.001 -23"><span class='ocrx_word' id='word_1_78' title='bbox 241 2163 376 2224; x_wconf 90' lang='lat' dir='ltr'>XXXIX.</span> <span class='ocrx_word' id='word_1_79' title='bbox 433 2163 496 2241; x_wconf 88' lang='lat' dir='ltr'>Qui</span> <span class='ocrx_word' id='word_1_80' title='bbox 532 2163 675 2225; x_wconf 81' lang='lat' dir='ltr'>adversus</span> <span class='ocrx_word' id='word_1_81' title='bbox 708 2163 863 2247; x_wconf 89' lang='lat' dir='ltr'>populum</span> <span class='ocrx_word' id='word_1_82' title='bbox 898 2165 1075 2224; x_wconf 82' lang='lat' dir='ltr'>Romanum</span> 
     </span>
    </p>

    <p class='ocr_par' dir='ltr' id='par_1_5' title="bbox 223 2257 1290 2828">
     <span class='ocr_line' id='line_1_16' title="bbox 475 2257 1194 2320; baseline -0.006 1"><span class='ocrx_word' id='word_1_83' title='bbox 475 2280 561 2320; x_wconf 81' lang='lat' dir='ltr'>arma</span> <span class='ocrx_word' id='word_1_84' title='bbox 575 2273 766 2320; x_wconf 82' lang='lat' dir='ltr'>sumserunt.</span> <span class='ocrx_word' id='word_1_85' title='bbox 783 2299 1071 2320; x_wconf 85' lang='lat'>...............</span> <span class='ocrx_word' id='word_1_86' title='bbox 1137 2257 1194 2319; x_wconf 84' lang='grc'>385</span> 
     </span>
     <span class='ocr_line' id='line_1_17' title="bbox 243 2356 1290 2440; baseline 0 -22"><span class='ocrx_word' id='word_1_87' title='bbox 243 2359 304 2421; x_wconf 90' lang='lat' dir='ltr'>XL.</span> <span class='ocrx_word' id='word_1_88' title='bbox 436 2357 519 2418; x_wconf 85' lang='lat' dir='ltr'>Bella</span> <span class='ocrx_word' id='word_1_89' title='bbox 533 2356 634 2418; x_wconf 81' lang='lat' dir='ltr'>civilia</span> <span class='ocrx_word' id='word_1_90' title='bbox 648 2374 736 2440; x_wconf 87' lang='lat' dir='ltr'>quot.</span> <span class='ocrx_word' id='word_1_91' title='bbox 748 2398 1073 2420; x_wconf 84' lang='lat'>.................</span> <span class='ocrx_word' id='word_1_92' title='bbox 1138 2356 1197 2418; x_wconf 85' lang='lat'>386</span> <span class='ocrx_word' id='word_1_93' title='bbox 1285 2382 1290 2395; x_wconf 90' lang='lat'><strong>·</strong></span> 
     </span>
     <span class='ocr_line' id='line_1_18' title="bbox 223 2454 1196 2537; baseline -0.001 -22"><span class='ocrx_word' id='word_1_94' title='bbox 223 2489 225 2493; x_wconf 36' lang='lat' dir='ltr'>v</span> <span class='ocrx_word' id='word_1_95' title='bbox 243 2455 320 2516; x_wconf 90' lang='lat' dir='ltr'>XLI.</span> <span class='ocrx_word' id='word_1_96' title='bbox 436 2456 521 2533; x_wconf 84' lang='lat' dir='ltr'>Quot</span> <span class='ocrx_word' id='word_1_97' title='bbox 534 2476 646 2537; x_wconf 75' lang='lat' dir='ltr'>genera</span> <span class='ocrx_word' id='word_1_98' title='bbox 659 2454 812 2517; x_wconf 73' lang='lat' dir='ltr'>bellorum</span> <span class='ocrx_word' id='word_1_99' title='bbox 819 2497 1072 2517; x_wconf 89' lang='lat'>.............</span> <span class='ocrx_word' id='word_1_100' title='bbox 1137 2455 1196 2536; x_wconf 91' lang='grc'>387</span> 
     </span>
     <span class='ocr_line' id='line_1_19' title="bbox 244 2550 1197 2632; baseline 0 -20"><span class='ocrx_word' id='word_1_101' title='bbox 244 2552 336 2614; x_wconf 88' lang='lat' dir='ltr'>XLII.</span> <span class='ocrx_word' id='word_1_102' title='bbox 433 2551 520 2612; x_wconf 84' lang='lat' dir='ltr'>Ordo</span> <span class='ocrx_word' id='word_1_103' title='bbox 534 2550 607 2612; x_wconf 85' lang='lat' dir='ltr'>beili</span> <span class='ocrx_word' id='word_1_104' title='bbox 621 2553 769 2613; x_wconf 76' lang='lat' dir='ltr'>Mariani.</span> <span class='ocrx_word' id='word_1_105' title='bbox 786 2593 1074 2615; x_wconf 91' lang='lat'>...............</span> <span class='ocrx_word' id='word_1_106' title='bbox 1140 2551 1197 2632; x_wconf 85' lang='lat'>387</span> 
     </span>
     <span class='ocr_line' id='line_1_20' title="bbox 242 2648 1198 2734; baseline -0.002 -23"><span class='ocrx_word' id='word_1_107' title='bbox 242 2650 349 2711; x_wconf 85' lang='lat' dir='ltr'>XLIII.</span> <span class='ocrx_word' id='word_1_108' title='bbox 433 2648 1079 2734; x_wconf 80' lang='lat' dir='ltr'>OrdobelliinterCaesaremetPompeium.</span> <span class='ocrx_word' id='word_1_109' title='bbox 1139 2650 1198 2710; x_wconf 89' lang='grc'>388</span> 
     </span>
     <span class='ocr_line' id='line_1_21' title="bbox 244 2746 1199 2828; baseline 0 -20"><span class='ocrx_word' id='word_1_110' title='bbox 244 2747 349 2808; x_wconf 87' lang='lat' dir='ltr'>XLIV.</span> <span class='ocrx_word' id='word_1_111' title='bbox 432 2748 478 2808; x_wconf 87' lang='lat' dir='ltr'>De</span> <span class='ocrx_word' id='word_1_112' title='bbox 491 2746 574 2809; x_wconf 88' lang='lat' dir='ltr'>bello</span> <span class='ocrx_word' id='word_1_113' title='bbox 588 2748 786 2811; x_wconf 76' lang='lat' dir='ltr'>Macedonico</span> <span class='ocrx_word' id='word_1_114' title='bbox 787 2789 1076 2811; x_wconf 88' lang='lat'>...............</span> <span class='ocrx_word' id='word_1_115' title='bbox 1141 2748 1199 2828; x_wconf 89' lang='grc'>389</span> 
     </span>
    </p>
   </div>
   <div class='ocr_carea' id='block_1_4' title="bbox 243 2827 1200 3022">
    <p class='ocr_par' dir='ltr' id='par_1_6' title="bbox 243 2827 1200 3022">
     <span class='ocr_line' id='line_1_22' title="bbox 244 2827 1200 2930; baseline 0.002 -26"><span class='ocrx_word' id='word_1_116' title='bbox 244 2846 335 2906; x_wconf 89' lang='lat' dir='ltr'>XLV.</span> <span class='ocrx_word' id='word_1_117' title='bbox 434 2827 482 2904; x_wconf 84' lang='lat' dir='ltr'>De</span> <span class='ocrx_word' id='word_1_118' title='bbox 497 2846 590 2905; x_wconf 82' lang='lat' dir='ltr'>variis</span> <span class='ocrx_word' id='word_1_119' title='bbox 604 2846 743 2908; x_wconf 84' lang='lat' dir='ltr'><strong>cladibus</strong></span> <span class='ocrx_word' id='word_1_120' title='bbox 758 2847 866 2930; x_wconf 90' lang='lat' dir='ltr'>populi</span> <span class='ocrx_word' id='word_1_121' title='bbox 881 2847 1028 2908; x_wconf 79' lang='lat' dir='ltr'>Romani.</span> <span class='ocrx_word' id='word_1_122' title='bbox 1047 2889 1075 2909; x_wconf 93' lang='lat'>..</span> <span class='ocrx_word' id='word_1_123' title='bbox 1142 2845 1200 2927; x_wconf 87' lang='grc'>389</span> 
     </span>
     <span class='ocr_line' id='line_1_23' title="bbox 243 2940 1200 3022; baseline 0 -20"><span class='ocrx_word' id='word_1_124' title='bbox 243 2941 349 3002; x_wconf 84' lang='lat' dir='ltr'>XLVI.</span> <span class='ocrx_word' id='word_1_125' title='bbox 434 2940 483 3000; x_wconf 81' lang='lat' dir='ltr'>De</span> <span class='ocrx_word' id='word_1_126' title='bbox 496 2941 595 3002; x_wconf 83' lang='lat' dir='ltr'>nibus</span> <span class='ocrx_word' id='word_1_127' title='bbox 611 2943 737 3004; x_wconf 83' lang='lat' dir='ltr'>Punicis</span> <span class='ocrx_word' id='word_1_128' title='bbox 748 2943 836 3005; x_wconf 78' lang='lat' dir='ltr'>bellis</span> <span class='ocrx_word' id='word_1_129' title='bbox 843 2984 1077 3002; x_wconf 89' lang='lat'>............</span> <span class='ocrx_word' id='word_1_130' title='bbox 1142 2943 1200 3022; x_wconf 84' lang='lat'>390</span> 
     </span>
    </p>
   </div>
   <div class='ocr_carea' id='block_1_5' title="bbox 244 3036 1083 3122">
    <p class='ocr_par' dir='ltr' id='par_1_7' title="bbox 244 3036 1083 3122">
     <span class='ocr_line' id='line_1_24' title="bbox 244 3036 1083 3122; baseline 0.004 -25"><span class='ocrx_word' id='word_1_131' title='bbox 244 3036 365 3099; x_wconf 93' lang='lat' dir='ltr'>XLVII.</span> <span class='ocrx_word' id='word_1_132' title='bbox 436 3037 540 3119; x_wconf 85' lang='lat' dir='ltr'>Usque</span> <span class='ocrx_word' id='word_1_133' title='bbox 551 3038 718 3122; x_wconf 88' lang='lat' dir='ltr'>imperium</span> <span class='ocrx_word' id='word_1_134' title='bbox 726 3039 851 3122; x_wconf 79' lang='lat' dir='ltr'>Trsjsni</span> <span class='ocrx_word' id='word_1_135' title='bbox 862 3041 916 3122; x_wconf 89' lang='lat' dir='ltr'>qui</span> <span class='ocrx_word' id='word_1_136' title='bbox 928 3040 1000 3101; x_wconf 84' lang='lat' dir='ltr'>victi</span> <span class='ocrx_word' id='word_1_137' title='bbox 1011 3054 1083 3101; x_wconf 82' lang='lat' dir='ltr'>sunt</span> 
     </span>
    </p>
   </div>
   <div class='ocr_carea' id='block_1_6' title="bbox 245 3138 1201 3319">
    <p class='ocr_par' dir='ltr' id='par_1_8' title="bbox 245 3138 1201 3319">
     <span class='ocr_line' id='line_1_25' title="bbox 473 3138 1200 3220; baseline 0.004 -23"><span class='ocrx_word' id='word_1_138' title='bbox 473 3149 503 3196; x_wconf 88' lang='lat' dir='ltr'>et</span> <span class='ocrx_word' id='word_1_139' title='bbox 517 3157 571 3218; x_wconf 88' lang='lat' dir='ltr'>per</span> <span class='ocrx_word' id='word_1_140' title='bbox 584 3157 677 3220; x_wconf 84' lang='lat' dir='ltr'>quos,</span> <span class='ocrx_word' id='word_1_141' title='bbox 692 3139 785 3200; x_wconf 87' lang='lat' dir='ltr'>CCIV</span> <span class='ocrx_word' id='word_1_142' title='bbox 792 3180 1078 3200; x_wconf 89' lang='lat'>...............</span> <span class='ocrx_word' id='word_1_143' title='bbox 1144 3138 1200 3216; x_wconf 81' lang='lat'>392</span> 
     </span>
     <span class='ocr_line' id='line_1_26' title="bbox 245 3233 1201 3319; baseline 0 -25"><span class='ocrx_word' id='word_1_144' title='bbox 245 3233 381 3296; x_wconf 88' lang='lat' dir='ltr'>XLVIII.</span> <span class='ocrx_word' id='word_1_145' title='bbox 439 3235 484 3294; x_wconf 87' lang='lat' dir='ltr'>De</span> <span class='ocrx_word' id='word_1_146' title='bbox 496 3234 649 3295; x_wconf 82' lang='lat' dir='ltr'>Comitiis.</span> <span class='ocrx_word' id='word_1_147' title='bbox 667 3277 1076 3297; x_wconf 90' lang='lat'>.....................</span> <span class='ocrx_word' id='word_1_148' title='bbox 1143 3237 1201 3319; x_wconf 79' lang='lat'>393</span> 
     </span>
    </p>
   </div>
   <div class='ocr_carea' id='block_1_7' title="bbox 246 3329 1204 3514">
    <p class='ocr_par' dir='ltr' id='par_1_9' title="bbox 246 3329 1204 3514">
     <span class='ocr_line' id='line_1_27' title="bbox 246 3329 1204 3418; baseline 0.009 -28"><span class='ocrx_word' id='word_1_149' title='bbox 246 3329 353 3391; x_wconf 90' lang='lat' dir='ltr'>XLIX.</span> <span class='ocrx_word' id='word_1_150' title='bbox 437 3331 484 3392; x_wconf 87' lang='lat' dir='ltr'>De</span> <span class='ocrx_word' id='word_1_151' title='bbox 498 3330 606 3415; x_wconf 91' lang='lat' dir='ltr'>populi</span> <span class='ocrx_word' id='word_1_152' title='bbox 620 3334 753 3396; x_wconf 77' lang='lat' dir='ltr'>Romani</span> <span class='ocrx_word' id='word_1_153' title='bbox 768 3335 1037 3398; x_wconf 73' lang='lat' dir='ltr'>distributionibus</span> <span class='ocrx_word' id='word_1_154' title='bbox 1051 3379 1079 3396; x_wconf 93' lang='lat'>..</span> <span class='ocrx_word' id='word_1_155' title='bbox 1144 3335 1204 3418; x_wconf 88' lang='grc'>394</span> 
     </span>
     <span class='ocr_line' id='line_1_28' title="bbox 247 3426 1204 3514; baseline 0.007 -27"><span class='ocrx_word' id='word_1_156' title='bbox 247 3428 283 3488; x_wconf 91' lang='lat' dir='ltr'>L.</span> <span class='ocrx_word' id='word_1_157' title='bbox 440 3428 487 3489; x_wconf 89' lang='lat' dir='ltr'>De</span> <span class='ocrx_word' id='word_1_158' title='bbox 503 3426 737 3513; x_wconf 81' lang='lat' dir='ltr'>Iiebuspublicis</span> <span class='ocrx_word' id='word_1_159' title='bbox 739 3472 1079 3494; x_wconf 87' lang='lat'>..................</span> <span class='ocrx_word' id='word_1_160' title='bbox 1145 3431 1204 3514; x_wconf 85' lang='grc'>394</span> 
     </span>
    </p>
   </div>
   <div class='ocr_carea' id='block_1_8' title="bbox 156 3541 1204 3628">
    <p class='ocr_par' dir='ltr' id='par_1_10' title="bbox 156 3541 1204 3628">
     <span class='ocr_line' id='line_1_29' title="bbox 156 3541 1204 3628; baseline 0.006 -27"><span class='ocrx_word' id='word_1_161' title='bbox 156 3543 253 3603; x_wconf 78' lang='lat' dir='ltr'>Issou</span> <span class='ocrx_word' id='word_1_162' title='bbox 267 3542 427 3602; x_wconf 84' lang='lat' dir='ltr'>universus</span> <span class='ocrx_word' id='word_1_163' title='bbox 443 3541 476 3602; x_wconf 92' lang='lat' dir='ltr'>in</span> <span class='ocrx_word' id='word_1_164' title='bbox 490 3543 617 3606; x_wconf 88' lang='lat' dir='ltr'>Florum</span> <span class='ocrx_word' id='word_1_165' title='bbox 618 3587 1079 3608; x_wconf 91' lang='lat'>........................</span> <span class='ocrx_word' id='word_1_166' title='bbox 1146 3547 1204 3628; x_wconf 87' lang='grc'>397</span> 
     </span>
    </p>
   </div>
   <div class='ocr_carea' id='block_1_9' title="bbox 157 3655 1205 3836">
    <p class='ocr_par' dir='ltr' id='par_1_11' title="bbox 157 3655 1205 3836">
     <span class='ocr_line' id='line_1_30' title="bbox 157 3655 1204 3747; baseline 0.005 -30"><span class='ocrx_word' id='word_1_167' title='bbox 157 3655 253 3718; x_wconf 83' lang='lat' dir='ltr'>Index</span> <span class='ocrx_word' id='word_1_168' title='bbox 265 3656 442 3718; x_wconf 80' lang='lat' dir='ltr'>versionum</span> <span class='ocrx_word' id='word_1_169' title='bbox 456 3656 556 3735; x_wconf 78' lang='lat' dir='ltr'>I&#39;lon&#39;‚</span> <span class='ocrx_word' id='word_1_170' title='bbox 572 3659 658 3721; x_wconf 77' lang='lat' dir='ltr'>vario</span> <span class='ocrx_word' id='word_1_171' title='bbox 672 3681 812 3723; x_wconf 83' lang='lat' dir='ltr'>sermone</span> <span class='ocrx_word' id='word_1_172' title='bbox 822 3664 1079 3747; x_wconf 75' lang='lat' dir='ltr'>conscriptarum.</span> <span class='ocrx_word' id='word_1_173' title='bbox 1146 3662 1204 3724; x_wconf 83' lang='grc'>533</span> 
     </span>
     <span class='ocr_line' id='line_1_31' title="bbox 158 3753 1205 3836; baseline 0.008 -23"><span class='ocrx_word' id='word_1_174' title='bbox 158 3753 411 3836; x_wconf 75' lang='lat' dir='ltr'>supplementum</span> <span class='ocrx_word' id='word_1_175' title='bbox 423 3753 462 3815; x_wconf 84' lang='lat' dir='ltr'>ad</span> <span class='ocrx_word' id='word_1_176' title='bbox 476 3753 659 3816; x_wconf 86' lang='lat' dir='ltr'>Editionum</span> <span class='ocrx_word' id='word_1_177' title='bbox 677 3757 814 3819; x_wconf 83' lang='lat' dir='ltr'>Iudicem</span> <span class='ocrx_word' id='word_1_178' title='bbox 817 3800 1079 3822; x_wconf 90' lang='lat'>..............</span> <span class='ocrx_word' id='word_1_179' title='bbox 1146 3761 1205 3822; x_wconf 84' lang='grc'>536</span> 
     </span>
    </p>
   </div>
   <div class='ocr_carea' id='block_1_10' title="bbox 157 3849 1205 4035">
    <p class='ocr_par' dir='ltr' id='par_1_12' title="bbox 157 3849 1205 4035">
     <span class='ocr_line' id='line_1_32' title="bbox 157 3849 1083 3935; baseline 0.01 -26"><span class='ocrx_word' id='word_1_180' title='bbox 157 3849 318 3932; x_wconf 78' lang='lat' dir='ltr'>Inscriptio</span> <span class='ocrx_word' id='word_1_181' title='bbox 330 3850 489 3912; x_wconf 73' lang='lat' dir='ltr'>Columnas</span> <span class='ocrx_word' id='word_1_182' title='bbox 505 3853 652 3914; x_wconf 79' lang='lat' dir='ltr'>Rostrstae</span> <span class='ocrx_word' id='word_1_183' title='bbox 668 3875 685 3915; x_wconf 90' lang='lat' dir='ltr'>e</span> <span class='ocrx_word' id='word_1_184' title='bbox 702 3853 883 3935; x_wconf 84' lang='lat' dir='ltr'>Ciscconio,</span> <span class='ocrx_word' id='word_1_185' title='bbox 900 3879 971 3918; x_wconf 86' lang='lat' dir='ltr'>cum</span> <span class='ocrx_word' id='word_1_186' title='bbox 983 3857 1083 3920; x_wconf 87' lang='lat' dir='ltr'>bnevi·</span> 
     </span>
     <span class='ocr_line' id='line_1_33' title="bbox 374 3947 1205 4035; baseline 0.006 -24"><span class='ocrx_word' id='word_1_187' title='bbox 374 3949 432 4010; x_wconf 85' lang='lat' dir='ltr'>bus</span> <span class='ocrx_word' id='word_1_188' title='bbox 449 3947 587 4032; x_wconf 87' lang='lat' dir='ltr'>ejusdem</span> <span class='ocrx_word' id='word_1_189' title='bbox 605 3951 826 4035; x_wconf 84' lang='lat' dir='ltr'>supplementis</span> <span class='ocrx_word' id='word_1_190' title='bbox 832 3995 1080 4018; x_wconf 89' lang='lat'>.............</span> <span class='ocrx_word' id='word_1_191' title='bbox 1147 3953 1205 4032; x_wconf 67' lang='lat'>540</span> 
     </span>
    </p>
   </div>
   <div class='ocr_carea' id='block_1_11' title="bbox 628 4226 732 4267">
    <p class='ocr_par' dir='ltr' id='par_1_13' title="bbox 628 4226 732 4267">
     <span class='ocr_line' id='line_1_34' title="bbox 628 4226 732 4267; baseline 0.029 -3"><span class='ocrx_word' id='word_1_192' title='bbox 628 4226 732 4267; x_wconf 74' lang='lat' dir='ltr'>nm.</span> 
     </span>
    </p>
   </div>
   <div class='ocr_carea' id='block_1_12' title="bbox 0 0 1534 4948">
    <p class='ocr_par' dir='ltr' id='par_1_14' title="bbox 0 0 1534 4948">
     <span class='ocr_line' id='line_1_35' title="bbox 0 0 1534 4948; baseline 0 0"><span class='ocrx_word' id='word_1_193' title='bbox 0 0 1534 4948; x_wconf 95' lang='lat' dir='ltr'> </span> 
     </span>
    </p>
   </div>
  </div>
 </body>
</html>
