3142 4938
514 542 658 608 LIBER
680 535 943 606 SECUNDUS.
1193 531 1251 596 135

208 669 444 774 pandentibus
462 667 558 758 fatis,
577 692 645 739 nec
665 667 804 737 occasio
826 657 958 748 defuit,
981 681 1093 756 quum
1117 654 1163 727 de
1178 657 1253 727 Poe

207 815 337 862 norum
363 789 575 886 impotentia
602 781 778 856 foederata
800 775 925 850 Siciliae
949 778 1071 846 civitas
1091 767 1256 844 Messana

207 920 426 1006 quereretur.
449 894 652 974 dffeetabat
674 913 813 987 autem,
836 909 876 966 ut
893 897 1092 982 Romanus,
1111 893 1161 962 ita
1181 891 1257 960 Poe·

207 1049 273 1094 nus
284 1007 455 1109 Siciliam3
469 1036 505 1092 et
516 1018 646 1092 eodem
657 1032 841 1114 tempore,
853 1009 998 1109 paribus
1006 1023 1156 1106 uterque
1165 1009 1258 1077 votis

209 1165 250 1213 ae
266 1136 400 1211 viribus
416 1140 609 1236 imperium
625 1132 722 1205 orbis
740 1126 907 1228 agitabat.
924 1127 1036 1223 Igitur
1049 1125 1166 1220 specie
1183 1123 1257 1218 qui·
1293 1133 1311 1199 4

209 1251 292 1325 dem
307 1256 420 1326 socios
426 1250 593 1351 juvandi,
604 1275 644 1321 re
654 1261 775 1320 autern
783 1242 982 1315 solicitante
991 1237 1127 1336 praeda,
1140 1257 1259 1334 qtram·

209 1395 318 1468 quam
344 1371 525 1441 territaret
543 1369 683 1438 novitas
704 1366 773 1450 rei,
795 1362 913 1454 (tanta
933 1373 1054 1429 tamen
1072 1359 1110 1425 in
1129 1355 1259 1423 virtute

208 1484 342 1558 fidncia
355 1483 444 1580 esti)
459 1483 518 1556 ille
532 1480 646 1572 rudis,
660 1477 719 1552 ilie
730 1477 905 1576 pastorius
918 1468 1091 1571 populus,
1104 1487 1260 1564 vereque

209 1611 389 1687 terrester,
406 1596 560 1672 ostendit
572 1593 659 1667 nihil
673 1598 840 1664 interesse
853 1591 1007 1676 virtutis,
1028 1581 1127 1682 equis
1141 1607 1187 1654 an
1200 1605 1261 1652 na-

210 1712 328 1802 vibus,
341 1728 437 1806 terra
448 1739 494 1785 an
508 1715 598 1784 mari
615 1710 854 1782 dimicaretur.
872 1705 990 1804 Appio
1006 1697 1157 1773 Claudio
1177 1723 1260 1770 con·
1299 1707 1314 1760 5

210 1827 302 1918 sule,
326 1835 484 1928 primum
506 1828 638 1901 fretum
656 1832 830 1926 ingressus
852 1838 918 1914 est,
940 1816 1109 1892 fabulosis
1127 1813 1262 1888 infame

210 1947 391 2033 monstris,
409 1959 564 2044 aestuque
576 1939 773 2014 violentum
787 1966 794 2008 ε
809 1935 872 2011 sed
887 1934 976 2007 adeo
993 1957 1066 2005 non
1083 1945 1136 2002 est
1152 1944 1262 2002 exter-

210 2065 312 2150 ritus,
335 2077 375 2132 ut
399 2059 497 2134 illam
520 2065 635 2159 ipsam
655 2059 823 2131 ferventis
844 2069 945 2126 aestus
965 2048 1172 2122 violentiam
1193 2071 1261 2143 pro

155 2263 170 2276 l
210 2201 357 2247 munere
370 2175 663 2275 amplecteretur:
676 2176 865 2271 statimque
877 2193 918 2240 ac
935 2171 1009 2239 sine
1022 2187 1126 2236 mora
1135 2162 1262 2232 Hiero·
1298 2173 1316 2249 β

211 2272 1263 2388 nem,Syracusanumregem,tantaceleritatevicit,utille

212 2412 288 2505 ipse
304 2433 341 2479 se
355 2412 454 2505 prius
468 2413 619 2496 victum,
635 2429 746 2505 quam
759 2401 900 2474 hostem
913 2398 1067 2487 videret,
1081 2393 1263 2466 fateretur.

235 2519 392 2596 ·Duillio
402 2521 641 2621 Cornelioque
653 2515 867 2608 consulibus,
878 2505 984 2590 etiam
994 2515 1085 2586 mari
1094 2503 1264 2608 congredi
1301 2525 1316 2578 7

213 2664 495 2736 quosinteanlterus,
505 2665 556 2718 Sed
564 2663 716 2733 ecee,ultro.
759 2647 881 2724 temster,
897 2658 997 2725 ymeri,
1013 2668 1107 2708 natum
1124 2663 1194 2702 terra
1211 2667 1262 2699 no-

213 2775 249 2786 -
261 2747 429 2818 impotentia.
444 2747 548 2819 Nempe
562 2737 718 2821 tyrannide,
759 2759 812 2810 tat,
825 2742 916 2816 quales
929 2760 956 2794 se
968 2731 1198 2791 haberivolebnnt
1208 2731 1264 2802 qui-

212 2826 364 2877 vexatione:
376 2843 430 2896 qno
441 2845 520 2878 sensu
529 2825 635 2878 vexilla
646 2823 720 2897 apud
760 2827 821 2880 dam
836 2824 947 2898 populi,
962 2837 1078 2893 quornm
1091 2814 1264 2888 ignorabatur

215 2905 330 2973 optimos
341 2917 464 2956 auctores
476 2906 607 2958 usitatior.
620 2932 656 2945 -
666 2905 719 2955 Pa·
760 2911 845 2980 origo.

215 2982 283 3033 rino
297 2991 405 3053 uterque
419 2984 511 3034 votis...
528 2983 666 3054 imperinm
680 2999 721 3032 or·
796 2983 821 3037 5.
831 2979 971 3033 Fabulosis.
980 2980 1021 3031 De
1029 2977 1126 3050 quibus
1135 2985 1191 3024 tam
1197 2971 1265 3023 mni-

216 3059 254 3112 bis
270 3059 394 3136 agitabat.
415 3057 478 3110 Non
495 3073 585 3112 tamen
602 3057 721 3128 ejusdem
760 3075 793 3112 tte
808 3071 870 3111 sunt
885 3057 995 3122 fabule,
1011 3055 1044 3106 de
1059 3053 1156 3126 quibus
1170 3053 1264 3123 sepius

213 3140 319 3210 generis
329 3137 475 3190 ambitione
484 3138 722 3190 movebanturllo·
761 3129 1265 3202 farihomineseonsuevernnt3utapnd

214 3221 286 3272 mani
296 3233 323 3273 et
330 3217 614 3289 Carthaginienses,nt
622 3218 721 3288 optime
761 3220 901 3272 Horatium
914 3214 1052 3289 fabulosus
1070 3211 1220 3283 Hydaspes,
1239 3221 1266 3261 et

214 3298 340 3353 observat
357 3299 562 3366 Mourmoursu,
580 3297 679 3352 Grand.
697 3306 723 3348 et
756 3299 859 3374 fabuloe
870 3300 970 3350 Manes.
983 3327 1019 3337 -
1032 3295 1147 3368 infame.
1164 3291 1263 3356 idest,

214 3381 310 3433 Ddead.
321 3381 511 3448 desliomains,
522 3378 598 3452 clrap.
610 3379 641 3447 4:
657 3377 722 3431 «Les
761 3381 942 3446 notissimum,
961 3395 1085 3450 magnam
1103 3373 1205 3426 habens
1223 3374 1266 3424 fa·

215 3461 339 3513 Romaim
352 3461 449 3514 etaient
461 3460 605 3512 ambitieux
617 3477 670 3531 par
679 3475 721 3510 or·
760 3479 844 3528 mam,
859 3471 890 3510 ut
903 3457 1127 3530 apud-Horatium
1139 3453 1225 3506 Germ.
1239 3451 1264 3516 1,

215 3539 302 3613 puell,
314 3553 339 3592 et
351 3541 386 3594 les
399 3542 578 3617 Carthayinois
591 3559 644 3612 par
655 3557 720 3592 ava·
761 3541 793 3594 3:
810 3541 944 3592 «infames
959 3537 1087 3611 scopulos
1098 3535 1265 3588 Acrocerau-

217 3619 286 3680 rice,-
298 3620 334 3672 les
343 3640 391 3673 uns
400 3622 533 3675 voulaient
541 3621 719 3687 commender,
764 3621 837 3672 «nia.
849 3643 860 3667 n
871 3650 907 3660 -
916 3619 1054 3670 Fmentis.
1068 3618 1107 3668 lta
1119 3615 1265 3686 repositum

219 3702 255 3755 les
265 3713 349 3754 autres
360 3701 492 3756 voulaient
501 3707 631 3778 acquirim·
645 3716 670 3756 et
682 3721 721 3756 res
762 3719 793 3752 ex
799 3699 1027 3753 sententiaGraevii
1034 3694 1185 3768 provitioso
1193 3709 1268 3743 men·

218 3780 346 3847 demiers,
364 3779 498 3834 calculant
511 3787 622 3854 tonjeurs
638 3781 665 3834 la
681 3801 722 3834 re·
761 3780 802 3842 tis‚·
811 3776 927 3851 quidam,
935 3777 1045 3828 Heinsio
1053 3773 1172 3836 auctore,
1174 3770 1266 3842 fureu-

218 3871 283 3914 eene
295 3871 321 3913 et
335 3860 362 3914 la
375 3859 500 3933 deperite,
510 3859 594 3932 fimet
608 3864 723 3932 toujours
761 3863 804 3912 tis.
820 3887 855 3899 -·
867 3859 920 3910 Pro
937 3873 1043 3907 munere
1058 3851 1265 3924 amplecteretur.

221 3937 248 3992 la
257 3959 352 4014 quem
361 3959 420 3994 sans
431 3937 539 3992 l'aimer.
550 3961 562 3986 n
762 3941 833 4008 Quia
842 3952 907 3992 aestu
916 3937 963 3988 illo
972 3935 1097 3988 velocitas
1109 3933 1215 3985 narium
1224 3934 1267 4003 ju·

256 4021 282 4090 4.
301 4023 467 4093 Quamquam
485 4020 612 4072 territaret
625 4019 726 4072 nouitas
763 4021 884 4072 rebatur.

220 4102 265 4153 rei.
289 4101 396 4172 Quippe
418 4101 465 4175 qui
484 4115 631 4171 numquam
654 4115 725 4150 mare
801 4115 826 4169 7.
844 4095 948 4150 Duillio
969 4093 1138 4168 Cornelioque
1154 4090 1267 4146 consitii-

220 4181 441 4239 conscenderant.
458 4213 494 4225 -
512 4181 646 4235 Temster.
662 4177 727 4231 Ter-
766 4179 818 4232 bus.
831 4179 931 4247 Quinto
944 4197 1014 4231 anno
1026 4175 1135 4248 ineoepti
1145 4173 1224 4226 belii:
1235 4183 1265 4221 et

221 4261 349 4316 resterbie
355 4263 486 4316 maritimo
493 4265 648 4336 opponitur.
656 4259 726 4314 tilius
766 4259 809 4314 hie
818 4261 898 4315 trium
911 4277 1040 4314 annorum
1053 4277 1093 4310 res
1105 4268 1192 4326 gestas
1204 4267 1266 4321 prn-
