3102 4942
412 503 718 572 TESTIMONIA
740 507 801 571 ΕΤ
823 506 841 570 J
850 506 1032 571 UDlClA.
1185 512 1242 574 :13

202 641 382 690 tumtameu
394 630 508 690 Nostro
521 628 620 690 visum
634 643 678 690 est
688 628 749 690 hoc
761 631 936 710 μιρακιῶὸις,
949 644 984 690 ut
994 650 1084 714 paene
1099 645 1246 714 repeteret

199 724 253 784 lib.
267 725 328 800 Ill,
343 727 377 786 18
390 748 406 783 ι.
418 750 432 780 ι
442 727 510 807 lpse
520 725 622 785 Julius
638 727 739 786 Caesar
755 745 852 808 quum
868 726 902 785 in
919 727 1029 788 urbem
1040 740 1185 788 cruentus
1201 751 1246 789 re-

201 821 365 899 «ferretur,
382 813 555 886 miserabili
567 823 676 885 funere
695 845 749 905 per
768 823 900 884 mediam
919 826 1013 887 etiam
1032 825 1141 886 urbem
1163 828 1246 890 viam

201 946 215 976 ιι
225 920 336 996 feci13n
352 933 386 981 ut
397 922 440 981 ibi
452 921 618 1003 legendum
630 920 833 982 ostendimus.
845 921 902 981 Sed
914 942 982 1003 quae
996 903 1036 983 ad
1047 922 1131 985 hunc
1141 924 1246 988 locum

198 1019 391 1096 notavimus,
404 1021 427 1079 si
445 1023 523 1081 tanti
540 1034 627 1097 sunt,
642 1033 774 1102 possunt
787 1017 893 1078 videri.
905 1021 944 1079 At
955 1021 1046 1102 quale
1060 1021 1120 1082 hoc
1132 1023 1187 1083 lib.
1200 1025 1246 1096 ll,

199 1137 266 1200 cap.
284 1117 318 1193 3,
332 1118 426 1179 Gallis
447 1143 461 1173 ιι
471 1120 559 1201 quasi
575 1133 645 1179 cote
662 1116 798 1200 quadam
814 1117 948 1199 populus
960 1119 1118 1180 Romanus
1129 1120 1247 1186 ferrum

195 1215 216 1270 ἰι
226 1235 287 1276 suae
300 1217 418 1277 virtutis
433 1217 603 1277 acuebatln
621 1217 708 1275 Esset
722 1212 921 1275 tolerandum
933 1215 957 1274 si
969 1217 1130 1299 scripsisset
1142 1220 1248 1282 Gallo·
1346 1281 1350 1286 .

199 1332 269 1372 rum
288 1311 375 1372 bellis
396 1314 570 1395 perpetuis,
588 1326 751 1391 tamquam
774 1323 841 1372 cote
864 1310 1016 1390 quadam,
1035 1314 1247 1377 Romanorum

200 1409 344 1470 virtutem
356 1411 434 1470 acui.
451 1411 532 1469 Nam
549 1429 585 1468 cx
601 1408 712 1467 Graecis
725 1406 790 1467 haec
806 1405 924 1481 hausit,
937 1410 970 1466 iu
984 1428 1121 1489 quorum
1133 1433 1250 1472 memo-

196 1504 251 1566 riis
274 1506 423 1581 traditur,
444 1503 682 1565 Lacedaemonas
704 1502 847 1565 hostilem
868 1503 979 1564 urbem
1006 1525 1130 1568 vocasse
1150 1522 1250 1570 *cotem

190 1597 363 1683 juvenuttis.
384 1600 442 1662 Sed
466 1603 573 1662 uirtutis
584 1603 701 1686 ferrum
720 1623 823 1662 acuere
843 1621 909 1661 non
932 1602 998 1664 suni
1024 1603 1250 1670 essehomiuis

199 1719 267 1758 non
284 1719 376 1758 sanus
392 1695 473 1780 juret
489 1698 615 1760 Orestes.
633 1697 778 1780 Ejusdem
792 1719 899 1759 census
911 1700 1073 1782 estfactum
1087 1699 1251 1770 odolescen-

198 1799 264 1872 τίω,
276 1796 376 1878 capite
391 1795 502 1857 ultimo
514 1795 606 1877 hujus
617 1795 706 1856 libri:
722 1822 735 1852 ιι
744 1796 825 1860 Talis
838 1797 924 1857 dorni
940 1818 974 1856 ac
985 1796 1079 1875 foris,
1091 1799 1161 1860 talis
1173 1821 1249 1883 pace

201 1919 216 1950 ιι
226 1893 370 1977 belloque
380 1895 516 1978 populus
526 1897 682 1958 Romanus
693 1895 806 1956 fretum
816 1894 892 1955 illud
907 1894 1133 1974 adolescentiae,
1146 1897 1177 1958 id
1185 1912 1248 1974 est,

200 2017 215 2048 ιι
224 1994 391 2055 secundam
403 1994 525 2076 imperii
537 2008 673 2070 aetatem,
686 1993 807 2054 habuit.
818 2019 832 2050 ιι
845 1994 1002 2054 Nimirum
1019 1997 1092 2077 quia
1106 2011 1174 2057 tum
1188 1997 1251 2056 fer-

200 2091 269 2152 vida
284 2095 498 2154 Rornanorum
517 2093 612 2152 virtus
633 2105 714 2168 erat,
732 2105 762 2151 et
775 2092 850 2172 quia
867 2091 945 2152 freta
965 2092 1104 2168 fervent,
1123 2095 1250 2156 credidit

200 2187 256 2248 sibi
274 2187 364 2250 licere
384 2190 471 2249 istam
492 2201 613 2249 aetatem
633 2187 785 2252 fervidam
803 2188 903 2249 dicere
913 2191 1025 2272 fretum
1044 2189 1250 2252 adolescentie.

200 2285 257 2346 Sed
279 2283 344 2346 haec
364 2287 493 2348 audacia
514 2287 754 2348 translationum
775 2286 809 2345 in
828 2283 989 2346 rhetorum
1008 2285 1139 2364 scholis,
1162 2301 1192 2350 et
1211 2289 1249 2350 ab
1278 2319 1280 2326 >

200 2380 381 2444 hominibus
395 2405 457 2446 uon
474 2385 607 2467 putidis,
620 2384 866 2446 condamnetur
878 2384 991 2461 modo,
1006 2385 1058 2446 sed
1070 2385 1134 2468 ejus
1149 2397 1252 2447 aucto·

200 2501 248 2541 res
262 2495 420 2568 tamquam
434 2481 514 2543 fatui
526 2497 556 2543 et
570 2481 686 2543 nullius
699 2480 809 2563 judicii
825 2481 969 2544 homines
986 2483 1162 2547 irridentur.
1179 2486 1251 2544 Non

198 2599 326 2661 possum
338 2582 493 2662 praeterire
502 2589 615 2662 γοργιῖοιι
627 2579 719 2655 illud,
731 2593 761 2656 et
769 2578 839 2663 plus
849 2598 945 2661 quam
953 2583 1131 2665 παιδαριῶδες,
1141 2581 1195 2642 lib.
1206 2580 1250 2656 11,

200 2697 265 2759 cap.
278 2677 308 2737 6.
319 2678 465 2738 Dicturus
474 2693 538 2738 erat
549 2681 581 2738 iu
591 2679 740 2761 Hispania
749 2700 785 2739 ex
795 2679 923 2760 Sagunti
935 2679 1081 2740 incendio
1091 2691 1121 2740 et
1132 2678 1251 2744 excidio

200 2772 370 2834 secuudum
386 2773 506 2834 bellum
522 2777 676 2836 Punicum
691 2787 796 2835 ortum
812 2795 884 2836 esse.
894 2774 972 2835 Vide
987 2795 1084 2856 quam
1101 2775 1252 2838 absurdus

199 2868 342 2930 fueritin
358 2868 415 2932 hac
430 2872 580 2932 sententia
596 2893 663 2934 nort
675 2872 832 2948 ornanda,
850 2870 903 2932 sed
919 2871 1144 2933 deformando:
1165 2898 1179 2928 ιι
1190 2873 1252 2932 Ubi

204 2989 218 3018 ιι
229 2966 338 3040 semel,
351 2967 471 3048 inquit,
490 2989 521 3027 se
539 2969 572 3027 iu
590 2970 740 3050 Hispania
757 2969 857 3027 movit
874 2966 929 3026 illa
946 2969 1052 3046 gravis,
1064 2981 1095 3026 et
1113 2968 1253 3032 luctuosa

204 3087 218 3116 ιι
229 3063 341 3122 Punici
352 3063 425 3122 belli
435 3065 481 3122 vis
491 3076 583 3143 atque
592 3077 767 3145 tempestas,
776 3064 1025 3143 destinatumque
1034 3064 1182 3124 Romanis
1189 3063 1254 3145 jam

204 3156 283 3217 adiu
295 3156 417 3220 fulmen
429 3159 600 3239 Saguntino
611 3161 683 3240 igne
695 3157 857 3233 conflavit,
870 3158 975 3218 statim
988 3158 1126 3240 quodam
1137 3162 1254 3244 impetu

203 3282 218 3313 ιι
227 3269 333 3340 rapta,
348 3256 465 3318 medias
476 3255 625 3340 perfregit
636 3256 742 3340 Alpes,
758 3269 787 3316 et
799 3259 833 3317 in
846 3255 968 3318 ltaliam
981 3258 1021 3319 ab
1032 3257 1092 3318 illis
1103 3257 1253 3322 fabulosae

205 3383 218 3416 ·.
226 3353 399 3424 altitudinis
430 3356 573 3431 nivibus,
595 3355 680 3415 velut
706 3354 781 3416 celo
813 3356 924 3432 missa,
952 3356 1141 3420 descendis.»
1168 3358 1252 3420 Proh

202 3466 335 3534 quantus
348 3455 537 3537 ineptiarum
551 3453 710 3516 cumulus!
725 3455 797 3516 Haec
810 3475 936 3516 omnem
947 3453 1043 3522 fidem
1053 3470 1214 3541 superant:

372 3612 449 3668 'Oret
460 3637 483 3667 rr
494 3613 581 3670 cariem
592 3613 639 3669 «ὃν
651 3613 796 3682 euprepiam
808 3614 866 3680 lta,

262 3723 268 3732 ·
362 3721 365 3727 ·
382 3703 448 3755 natis
460 3702 473 3754 ri
484 3703 578 3772 'trecop'
587 3701 740 3774 oetrt'v'eapae
752 3701 897 3774 ἱπίρχιμιι.

204 3847 286 3908 Num
303 3859 484 3929 tempestas,
505 3863 538 3910 ut
559 3850 619 3911 alia
637 3851 888 3932 pretermittam,
912 3849 1025 3913 conflat
1044 3851 1197 3926 fulmina,
1213 3850 1252 3910 ad

206 3941 301 4002 instar
312 3944 462 4020 Vulcani,
475 3965 567 4026 quem
583 3948 617 4006 in
631 3947 736 4022 AEtna,
751 3960 914 4026 tamquam
929 3945 1058 4007 officina
1069 3967 1138 4024 sua,
1155 3960 1252 4029 poetae

207 4035 330 4119 fingunt
344 4041 481 4103 fulmina
497 4043 607 4104 cudere
619 4045 700 4104 lovi.
710 4047 844 4122 ¹Quanto
858 4043 1027 4106 modestior
1039 4057 1073 4103 et*
1081 4045 1255 4126 castigatior

186 4187 191 4200 .
206 4135 427 4220 ,lustinuuqui
447 4154 477 4202 et
493 4142 558 4224 ipsc
577 4139 731 4216 debello,
747 4155 1118 4225 tamquamtempestate,
1134 4142 1255 4202 locutus
