3156 4950
568 527 712 595 nrnnn
734 522 957 594 rnnrrns.
1220 526 1279 590 231
1385 609 1389 620 ¹

242 653 383 728 funibus
396 653 618 754 pependere:
635 679 675 725 nc
690 657 739 724 sic
756 639 970 725 uelificantes
986 648 1284 748 triumphantium

240 773 277 840 in
293 767 440 840 modum
453 770 575 840 Cretes
590 765 765 865 portuhus
782 769 851 836 suis
867 763 1184 864 adremigaverunt.
1201 764 1283 835 Me·
1301 773 1318 837 t

240 879 342 955 tellus
356 881 487 954 deinde
502 897 616 954 totam
629 879 779 952 insulam
797 883 869 978 igni
887 875 1055 976 ferroque
1073 875 1283 976 populatus,

240 1001 332 1068 iutra
350 994 492 1068 castella
513 1012 549 1068 et
567 994 674 1067 urbes
692 993 847 1092 redegit,
869 1009 905 1065 et
924 995 1120 1081 Gnossum,
1143 1007 1179 1064 et
1197 995 1284 1092 Ery·

239 1111 406 1202 thraeam,
429 1128 481 1202 et,
501 1127 541 1183 ut
559 1112 675 1182 Graeci
694 1109 814 1182 dicere
832 1107 963 1199 solent,
984 1106 1121 1180 urbium
1141 1123 1284 1180 matrem
1383 1169 1386 1176 .

239 1226 456 1327 Cydoniam:
481 1226 643 1325 adeoque
665 1251 755 1297 saeve
775 1228 812 1296 in
835 1229 994 1322 captivos
1017 1220 1284 1314 consulebatur,
1302 1229 1318 1282 ⁵

239 1359 278 1414 ut
301 1369 438 1416 veneno
464 1369 500 1414 se
524 1340 686 1440 plerique
712 1340 950 1427 conficerent3
981 1337 1040 1410 alii
1063 1335 1283 1412 deditionem

238 1484 338 1530 suam
350 1457 396 1531 ad
409 1461 620 1555 Pompeium
636 1455 818 1530 absentem
831 1460 1022 1528 mitterent.
1041 1457 1086 1528 Et
1101 1479 1212 1553 quum
1225 1452 1284 1526 ille
1300 1468 1318 1521 s

239 1599 293 1646 res
309 1575 441 1646 inrisio
457 1598 599 1674 gerens,
618 1597 660 1644 eo
673 1597 817 1672 quoque
831 1571 1041 1670 praefectum
1053 1573 1204 1644 misisset
1215 1571 1284 1642 An·

236 1691 393 1780 tonium,
408 1691 445 1760 in
462 1687 575 1760 aliena
591 1691 776 1786 provincia
787 1685 938 1788 inclytus
949 1686 1035 1760 fuit:
1053 1712 1167 1786 eoque
1178 1684 1284 1760 inles-

236 1806 308 1876 tior
322 1803 485 1904 Metellns
499 1808 536 1877 in
554 1803 673 1877 hostes
681 1803 738 1902 jus
756 1807 900 1878 victoris
914 1807 1089 1892 exercuit3
1111 1805 1282 1900 victisque

235 1918 409 1994 Lasthene
426 1936 461 1994 et
478 1924 630 2011 Panare,
651 1918 821 2020 Cydoniae
842 1917 1010 2009 ducibus,
1031 1922 1146 1990 victor
1163 1915 1280 1990 rediit.

235 2037 309 2109 Nec
324 2035 520 2136 quidquam
529 2034 680 2136 amplius
689 2051 809 2110 tamen
820 2033 865 2106 de
878 2031 1103 2107 tamfcmosa
1115 2033 1280 2137 uictoria,

236 2177 343 2250 quam
357 2177 557 2250 cognomen
572 2152 760 2242 Creticum,
779 2153 987 2250 reportavit.

271 2351 297 2419 4.
316 2349 446 2405 Metellus.
460 2353 493 2421 Q.
509 2351 627 2406 Caecilius
642 2353 737 2405 Metel·
777 2364 843 2406 etms
856 2354 939 2417 Pron,
952 2353 979 2404 in
991 2355 1061 2404 notis
1072 2369 1125 2404 sure
1135 2351 1280 2404 versionis:

234 2430 285 2484 luo.
296 2461 333 2472 —
343 2433 482 2486 Gnosium.
495 2431 597 2486 Urbem
609 2432 692 2486 Cretae
704 2433 738 2486 sd
779 2433 1086 2505 *Pompdceottonjours
1095 2430 1240 2484 lambition
1250 2431 1281 2484 de

233 2511 737 2584 Septentrionem.-Erytlrroeam.Ur-
777 2510 880 2568 vouloir
892 2525 1015 2587 pattapcr
1028 2526 1055 2567 et
1069 2513 1153 2569 mdme
1166 2510 1280 2585 s’appro·

234 2589 295 2644 hem
304 2591 386 2646 Crete
395 2592 429 2645 ad
438 2591 602 2665 Erythrarum
611 2611 736 2664 promon·
774 2596 846 2665 prier-
856 2593 882 2645 la
891 2593 976 2667 qloire
986 2593 1029 2646 des
1037 2604 1121 2646 autres
1130 2593 1278 2665 plumata.-

234 2675 345 2743 ton'um‚
358 2688 384 2727 ct
396 2675 430 2727 ab
442 2693 475 2728 eo
487 2675 524 2727 sio
537 2673 647 2727 dictum.
776 2673 834 2727 c’est
842 2693 879 2725 un
890 2675 933 2727 des
946 2673 1079 2746 roproclres
1092 2671 1127 2726 les
1139 2671 1200 2746 plus
1209 2671 1281 2741 fon·

269 2754 295 2806 6.
315 2753 471 2808 Antonium.
482 2756 534 2808 Dio
547 2753 593 2806 lib.
606 2751 695 2821 XXX,
710 2767 737 2808 et
776 2755 876 2827 doque
888 2752 969 2826 iuifit
979 2753 1104 2820 Luculle,
1117 2748 1245 2823 lorsqu'ils
1254 2769 1281 2804 re

234 2832 365 2886 Plutarch.
387 2835 415 2886 in
435 2837 578 2906 Pompeio,
596 2835 737 2888 Octavium
774 2835 877 2908 prirent
887 2834 919 2885 de
927 2834 1019 2906 parole
1026 2833 1145 2907 pendant
1156 2830 1183 2882 la
1189 2847 1280 2904 poem

234 2923 342 2961 narrnn
359 2929 376 2962 a
396 2914 522 2984 Pompeio
544 2915 661 2966 missum.
685 2913 736 2966 sed
776 2910 1279 2984 despiratcm—Victis....ut'ctor.1n·

233 2989 321 3058 potuit
340 2990 362 3042 is
379 3006 458 3060 quem
474 2993 563 3046 Dicet
579 2991 736 3046 Plutarchus
776 2993 937 3044 concinnum
948 2988 1015 3042 illud
1024 2991 1124 3044 victis...
1135 2990 1230 3042 uictor:
1240 2988 1277 3042 nil

233 3067 374 3118 Octavium
386 3081 499 3134 vocant,
512 3069 569 3122 eliis
582 3087 639 3122 esse
650 3071 737 3121 Anto-
777 3083 865 3122 tamen
872 3068 1041 3140 mutandum,
1052 3087 1212 3142 quamquam
1222 3087 1279 3122 sua·

233 3146 301 3196 nius.
313 3146 343 3196 ln
353 3145 469 3218 propriis
479 3148 549 3200 enim
560 3165 628 3220 saepe
640 3147 738 3200 discre-
778 3149 839 3202 dest
859 3151 990 3202 Heinsius.
1011 3178 1047 3190 ·-
1066 3149 1183 3202 Famosa.
1202 3151 1277 3201 Hanc

233 3227 738 3300 pnntveteres.-1nalienaprouincio
777 3247 868 3282 vocem
879 3228 1010 3299 sepiusin
1019 3227 1116 3281 malam
1125 3240 1278 3300 partemne·

235 3303 416 3379 inclytusfuit.
428 3306 487 3374 Qua
498 3307 531 3358 de
541 3327 569 3361 re
579 3309 738 3379 optimeNo·
778 3309 878 3384 cipiunt
891 3326 976 3361 aurea
987 3310 1069 3362 etatis
1083 3309 1232 3380 scriptores.
