3108 4956
327 490 389 567 alit
657 487 694 550 L.
717 485 875 550 ANNAEI
899 485 1045 550 FLORl

326 609 384 682 ille
397 608 592 700 abnuebat,
607 613 635 680 si
647 612 738 682 ratio
755 612 807 680 sui
825 610 995 705 proximis
1007 610 1160 680 comitiis
1170 605 1375 683 haberetur.

278 729 310 784 ¹⁶
327 724 536 798 Consulatus
546 723 694 815 absenti,
704 749 812 822 quem
822 720 948 794 decem
957 720 1120 813 Tribuni,
1128 721 1270 797 favente
1277 729 1366 798 Pom

326 845 425 941 peio,
449 867 564 940 nuper
586 839 833 929 decreverant,
854 853 947 928 tum,
970 836 1210 912 dissimulante
1229 840 1377 932 eodem,

280 985 310 1040 ¹7
328 956 543 1058 negabatur:
564 989 578 1021 a
589 959 742 1047 veniret,
756 970 792 1026 et
802 970 956 1054 peteret,
968 955 1147 1055 majorum
1157 981 1270 1030 more.
1283 992 1297 1023 u
1314 956 1377 1029 Ille

329 1088 454 1174 contra
473 1071 634 1170 flagitare
654 1068 818 1142 decreta:
843 1094 901 1158 ac,
927 1071 1019 1140 «nisi
1043 1073 1079 1141 in
1101 1069 1173 1142 fide
1192 1097 1376 1170 permane·

334 1201 453 1276 «rent,
466 1211 539 1257 non
549 1211 586 1258 se
598 1187 780 1258 remittere
790 1186 994 1255 exercitum.
1008 1216 1022 1248 u
1038 1185 1133 1284 Ergo
1142 1199 1182 1255 ut
1191 1187 1228 1273 in
1238 1181 1378 1258 hostem

329 1302 543 1376 decernitur.
563 1301 628 1374 His
647 1304 764 1374 Caesar
780 1303 943 1400 agitatus,
961 1305 1081 1373 statuit
1098 1305 1245 1399 praemia
1263 1328 1377 1375 armo·

318 1433 409 1490 rum
424 1421 530 1490 arrnls
549 1399 755 1490 defendere.

282 1543 313 1596 ιι
379 1536 497 1606 Prima
511 1531 622 1606 civilis
638 1530 722 1604 belli
737 1557 845 1605 arena
855 1529 956 1604 ltalia
969 1528 1052 1620 fuit,
1069 1530 1167 1630 cujus
1183 1557 1281 1604 arces
1293 1531 1376 1604 levi·

330 1647 396 1720 bus
416 1648 585 1747 praesidiis
605 1651 793 1746 Pompeius
811 1646 1010 1720 insederat:
1038 1645 1100 1718 sed
1119 1653 1239 1720 omnia
1259 1648 1374 1722 subito

282 1763 478 1850 ¹9‚Caesaris
501 1767 637 1861 impetu
660 1788 830 1861 oppressa
848 1779 939 1835 sunt.
960 1766 1078 1836 Prima
1097 1766 1258 1839 Arimino
1280 1769 1376 1866 signa

331 1885 556 1954 cecinerunt:
581 1897 658 1953 tum
679 1879 798 1980 pulsus
816 1883 959 1954 Etruria
974 1878 1084 1970 Libo,
1102 1881 1253 1954 Umbria
1269 1880 1378 1955 Ther-

330 2021 424 2088 mus,
439 1999 616 2069 Domitius
628 1997 805 2086 Corfini03
822 2013 857 2069 et
870 2013 1057 2096 peractum
1070 2013 1146 2068 erat
1158 1994 1290 2068 bellum
1302 2001 1377 2070 sine

330 2113 513 2210 sanguine,
538 2114 565 2184 si
589 2114 800 2209 Pompeium
823 2111 998 2183 Brundisii
1022 2114 1226 2210 opprimere
1244 2115 1377 2211 potuis·

281 2255 314 2292 ao
330 2242 397 2316 set,
422 2243 459 2299 et
478 2244 656 2325 coeperat:
678 2226 741 2300 sed
763 2225 821 2300 ille
844 2253 910 2326 per
931 2225 1061 2299 obsessi
1081 2226 1233 2301 claustra
1254 2245 1377 2328 portus

331 2356 505 2414 nocturna
518 2340 602 2441 fuga
616 2346 735 2416 evasit.
750 2345 872 2440 Turpe
887 2341 1002 2417 dictu!
1018 2339 1127 2413 modo
1141 2347 1307 2442 princeps
1320 2347 1379 2415 Pa·

331 2471 443 2547 trum,
456 2461 554 2556 pacis
562 2457 718 2560 bellique
728 2457 950 2550 moderator,
963 2485 1029 2559 per
1039 2457 1297 2558 triumphatum
1308 2485 1329 2532 a
1340 2487 1378 2534 se

332 2687 400 2739 ciam
423 2687 534 2742 Galliam
553 2691 701 2746 obtinebat.
723 2725 759 2735 -
777 2695 834 2748 Nec
874 2709 930 2748 ton.
943 2696 971 2746 in
980 2696 1033 2747 vita
1042 2695 1162 2762 Castris,
1176 2712 1235 2766 esp.
1249 2693 1283 2746 26
1294 2705 1321 2746 et
1333 2693 1376 2746 aa.

332 2767 380 2822 itte
388 2771 525 2824 abnuebat.
537 2775 593 2826 Nee
603 2776 690 2829 Cesar
699 2773 835 2828 abnuebat
914 2773 954 2825 til.
967 2771 1097 2826 Arimino.
1110 2772 1163 2824 Alii
1175 2773 1265 2843 legunt
1278 2770 1379 2823 Arimi-

331 2853 748 2909 successorem.-Strarioatt..
758 2854 835 2908 halte-
874 2851 911 2902 m'·
932 2851 981 2903 ffic
998 2865 1087 2903 autem
1103 2851 1207 2904 ridetur
1222 2851 1315 2904 Florus
1330 2868 1377 2900 vo·

331 2937 409 2981 retur.
428 2930 455 2983 Si
473 2930 523 2984 eibi
539 2931 779 3005 absenti'proximis
792 2953 836 2986 oo-
874 2931 954 2984 luisse
972 2930 1076 2999 dicere,
1095 2945 1229 3005 occupato
1246 2933 1377 2998 Arimino,

331 3007 410 3060 mitiis
419 3009 588 3063 consulatum
598 3011 696 3064 vellent
706 3012 816 3066 deferre.
875 3009 949 3082 quod
962 3010 1032 3063 ultra
1045 3011 1123 3062 linem
1135 3011 1279 3082 provincia
1291 3009 1376 3063 Carsa-

371 3087 410 3140 16.
433 3091 614 3146 Consulatus...
635 3095 785 3168 ueqabatur.
805 3090 835 3144 ld
875 3091 993 3153 riserat,
1011 3087 1073 3140 belli
1085 3090 1188 3160 signum
1202 3091 1276 3160 quasi
1288 3087 1378 3141 subla·

332 3180 386 3233 est,
403 3169 557 3222 consulatus
570 3189 648 3243 quern
662 3175 776 3244 primum
789 3171 836 3225 de·
875 3182 933 3220 tunt
952 3169 1048 3234 fnisse,
1066 3182 1146 3241 atque
1164 3166 1226 3220 iude
1244 3186 1261 3220 a
1278 3169 1378 3220 &aare

332 3263 389 3297 aem
400 3246 515 3316 tribuni,
526 3249 630 3303 favente
639 3252 781 3322 Pompeio,
793 3250 836 3303 de·
875 3248 967 3318 copias
986 3247 1020 3299 ad
1037 3246 1206 3320 occupandas
1219 3245 1298 3298 nrbes
1313 3248 1378 3299 vici·

332 3340 468 3378 creverant
496 3327 609 3395 Catari,
633 3327 694 3381 lieet
719 3331 835 3399 absenti,
876 3327 1051 3381 nasdiraissas
1062 3328 1150 3379 fuisse.
1161 3323 1203 3377 Sic
1215 3327 1322 3378 retineri
1332 3345 1378 3397 po-

332 3401 424 3474 (quod
444 3405 550 3475 quidem
571 3406 628 3459 aliis
648 3425 703 3460 non
721 3407 836 3483 licebat)
875 3419 926 3459 test
933 3405 1069 3473 Arimino,
1081 3424 1113 3458 eo
1123 3403 1201 3456 modo
1211 3402 1312 3457 dictum
1325 3425 1377 3479 quo

332 3493 389 3532 turn
403 3482 427 3533 ei
441 3481 602 3552 negabatur,
619 3486 744 3556 Pompeio
760 3487 837 3540 dissi·
876 3503 957 3556 supra
977 3487 1026 3551 ΙΙΙ,
1054 3487 1100 3552 28,
1122 3503 1153 3556 9,
1182 3484 1302 3539 *Ascalo
1323 3505 1379 3538 om·

333 3557 452 3611 mulante
466 3559 597 3630 (Gallice,
611 3563 754 3640 iutriquaut
764 3585 837 3620 sour—
879 3567 941 3616 «nis
954 3565 1029 3616 furor
1042 3567 1138 3638 erupit
1150 3591 1160 3614 ¹·
1174 3567 1320 3619 Ariminum
1332 3585 1378 3617 ιιι-

333 3637 453 3711 demeat)
467 3639 695 3714 impedienteque‚
709 3664 742 3697 ne
751 3645 838 3698 Caesar
878 3657 930 3696 tarn
946 3658 986 3698 est
1000 3647 1129 3698 maritima
1142 3645 1206 3698 urbs
1218 3663 1298 3718 supra
1312 3647 1378 3697 Um-

332 3718 427 3770 oonsul
446 3719 594 3790 eligeretur.
618 3722 759 3792 Caeterum,
780 3745 835 3778 non
877 3723 949 3776 bros.

333 3797 395 3850 satis
408 3795 533 3852 adcurate
546 3801 635 3854 scribit
648 3803 757 3869 Florus,
770 3823 835 3858 oon·
915 3817 953 3872 19.
976 3801 1006 3855 Si
1025 3801 1211 3874 Pompeium...
1235 3803 1380 3876 opprimere

332 3874 448 3928 sulatum
471 3877 567 3930 Caesari
592 3879 695 3934 absenti
720 3885 835 3954 primum
874 3883 1010 3953 potuisset,
1018 3882 1378 3955 eteoeperat.Freinslrernius‚

334 3951 469 4007 decretum
480 3957 569 4010 fuisse.
580 3959 649 4011 Nam
661 3962 685 4012 ei
695 3958 834 4032 plebiscito
876 3961 1043 4032 approbante
1054 3961 1168 4014 Nieolao
1183 3963 1301 4032 Heinsio,
1311 3961 1379 4035 opti-

331 4050 386 4084 non
394 4034 557 4102 consulatus,
568 4036 616 4090 sed
623 4039 716 4110 petitio
724 4040 835 4093 secundi
875 4059 917 4092 rue
932 4044 1059 4112 conjecit,
1071 4053 1100 4094 ut
1113 4053 1231 4116 cuperat.

333 4111 485 4165 consulatus
498 4113 574 4180 data,
587 4130 612 4168 et
625 4131 654 4169 ut
664 4117 779 4172 absentie
795 4139 836 4171 ra·
912 4137 954 4172 ιο.
969 4121 1173 4193 Triumplratum
1182 4139 1316 4175 asemare.
1329 4123 1380 4172 Lo-

334 4190 372 4241 tio
378 4187 519 4244 baberetur
525 4191 660 4248 decretam
669 4197 762 4250 fuerat.
774 4198 836 4250 Sue·
876 4200 967 4271 quitur
977 4200 1072 4254 florus
1082 4201 1117 4254 de
1128 4201 1199 4255 Bello
1212 4204 1334 4256 Piratioo.
1346 4231 1382 4242 -
