3102 4942
307 527 326 586 S
706 527 766 588 DE
790 525 971 591 FLOllO·

306 647 390 707 Flori
402 662 523 707 nonest
535 647 579 706 ibi
591 648 720 708 mentio.
733 646 840 724 Quum
851 649 885 708 in
902 645 1082 728 hujusmodi
1096 647 1216 709 codices
1228 649 1351 710 incidis·
1364 681 1372 696 ·

306 758 350 806 set
361 745 538 805 Lactantius
549 745 739 820 Firmianus,
754 759 785 804 et
795 747 917 806 Lucium
927 757 1051 806 tantum
1060 748 1207 807 Amtoeum
1216 745 1350 828 legisset,

306 843 409 902 statim
435 843 578 902 Senecam
604 843 767 923 cogitavit,
788 842 874 923 quod
897 843 1052 904 notiorem
1076 864 1113 904 eo
1140 845 1269 906 Lucium
1290 847 1372 904 An·-

306 959 411 1000 nteum
423 939 520 1000 alium
532 962 599 1001 non
611 939 754 1016 haberet,
766 955 797 1001 et
810 945 853 1001 ita
872 941 1051 1024 imprudens
1070 963 1184 1004 nomen
1202 945 1351 1018 auctoris,

307 1059 400 1118 quem
416 1037 547 1113 citabat,
564 1039 646 1099 male
662 1040 804 1122 concepit
813 1041 863 1099 vir
876 1040 1069 1101 doctissimus
1084 1055 1115 1100 et
1125 1040 1351 1101 disertissimus.

307 1134 356 1194 llli
375 1138 458 1195 enim
478 1157 546 1196 mea
560 1136 686 1217 quidem
703 1138 852 1197 sententia
868 1157 934 1197 non
950 1135 1058 1198 leviter
1076 1152 1195 1213 errant,
1214 1139 1267 1220 qui
1287 1159 1351 1199 non

307 1231 390 1294 lrunc
402 1247 559 1294 auctorem
572 1247 730 1309 nostrum,
743 1233 799 1313 sed
808 1235 952 1294 Senecam
966 1235 1104 1316 primunr
1118 1235 1201 1294 iniis
1217 1236 1352 1316 scriptis,
1371 1281 1373 1287 ,

308 1354 377 1412 quae
389 1334 428 1392 ad
443 1355 502 1394 nos
516 1355 581 1394 non
597 1335 807 1416 pervenerint,
824 1332 906 1394 hanc
917 1335 1064 1402 Romanae
1077 1333 1162 1392 urbis
1175 1345 1353 1415 temporum

308 1434 340 1492 in
355 1446 455 1494 aetates
469 1433 721 1494 distributionem
735 1433 900 1493 instituisse
916 1433 1126 1507 contendunt3
1143 1453 1241 1515 neque
1257 1431 1352 1493 alium

307 1532 339 1590 in
357 1533 517 1592 Lactantio
534 1532 645 1592 debere
663 1531 810 1612 intelligi,
825 1553 920 1612 quam
934 1534 1081 1594 Senecam
1098 1533 1198 1615 ipsum
1214 1529 1353 1615 philoso-

307 1627 415 1708 phum.
429 1629 476 1688 Sic
487 1649 560 1689 sane
571 1629 630 1688 sibi
643 1649 821 1711 persuasum
838 1627 989 1706 habeant,
1005 1629 1079 1689 dum
1095 1629 1162 1689 aliis
1177 1649 1216 1689 ne
1230 1650 1354 1712 persua-

307 1725 419 1784 deant:
438 1728 480 1784 ita
498 1728 583 1786 enim
603 1728 670 1809 ipsa
684 1746 772 1809 paene
790 1728 883 1788 verba
900 1726 984 1788 Flori
1002 1726 1145 1810 producit
1162 1726 1214 1787 ille
1233 1741 1354 1788 sanctus

306 1825 446 1905 scriptor,
459 1839 510 1900 ut,
522 1827 577 1907 qui
590 1847 656 1887 non
669 1823 762 1908 hujus
776 1826 828 1887 sed
846 1824 971 1887 alterius
986 1823 1147 1907 cujusdam
1165 1826 1298 1886 auctoris
1314 1825 1354 1885 ab

307 1944 343 1984 eo
361 1924 467 1984 verba·
474 1923 604 2007 produci
623 1927 790 2001 existimet,
811 1947 909 1986 meras
927 1947 1026 2008 nugas
1045 1938 1126 2008 agat.
1144 1925 1202 1986 Sed
1222 1946 1276 2008 per
1296 1944 1354 1985 nos

307 2022 393 2096 licet,
413 2020 458 2082 illi
474 2021 594 2102 judicio
613 2044 669 2084 suo
685 2023 840 2084 fruantur.
860 2025 930 2084 Non
947 2022 1041 2083 hodie
1057 2038 1161 2083 autem
1178 2035 1270 2103 atque
1287 2019 1354 2080 heri

307 2115 364 2177 lros
376 2117 499 2191 titulos,
515 2121 548 2178 in
562 2120 675 2201 quibus
687 2119 772 2180 Flori
789 2141 905 2182 nornen
920 2133 1031 2194 exstat,
1043 2119 1268 2201 exemplaribus
1284 2139 1303 2178 s
1318 2117 1355 2177 li·

306 2211 417 2274 brariis
430 2213 525 2276 fuisse
537 2216 669 2293 inditos,
682 2239 753 2277 vere
765 2216 844 2276 mihi
857 2216 1043 2300 persuadeo:
1058 2216 1131 2277 licet
1145 2215 1233 2276 aliter
1244 2217 1355 2276 sentire

308 2311 431 2372 videam
443 2315 526 2374 viros
542 2337 606 2375 non
622 2315 818 2376 mediocriter
837 2315 990 2392 eruditos,
1007 2317 1062 2398 qui
1083 2327 1216 2377 recentes
1235 2335 1297 2376 esse
1313 2319 1356 2374 καὶ

308 2412 338 2466 οὐ
351 2414 459 2477 παλαιᾶς
471 2415 554 2492 χιιρός
565 2413 748 2473 existimant.
766 2413 822 2473 Sed
837 2413 920 2473 unde
931 2415 1053 2496 ineptus
1068 2412 1152 2474 illius
1165 2412 1288 2496 prologi
1301 2432 1356 2472 au·

308 2517 384 2580 ctor,
404 2507 457 2588 qui
477 2505 588 2588 legitur
607 2509 639 2568 in
659 2509 847 2590 quibusdam
864 2513 990 2571 vetustis
1008 2508 1251 2591 exemplaribus,
1270 2507 1356 2568 Flori

309 2623 424 2664 nomen
443 2607 621 2688 accepisset,
642 2610 668 2667 si
690 2629 755 2670 non
775 2612 818 2668 ita
837 2611 924 2670 utin
940 2609 1168 2684 vetustissimis,
1187 2609 1242 2689 qni
1262 2605 1356 2666 hodie

308 2714 425 2762 exstent
435 2704 611 2780 codicibus,
626 2704 710 2766 Flori
723 2727 839 2768 nomen
852 2707 1041 2790 adscriptum
1059 2708 1215 2790 reperisset
1228 2707 1261 2765 in
1274 2703 1356 2764 illius

309 2797 364 2856 aevi
384 2802 509 2861 vetustis
526 2801 623 2862 libris.
641 2804 703 2880 Qui
721 2824 819 2885 quum
836 2804 935 2880 dicat,
954 2806 1056 2865 «Nam
1070 2802 1156 2864 Flori
1170 2823 1236 2863 non
1251 2814 1296 2863 est
1311 2801 1356 2861 ibi

311 2919 324 2949 ιι
336 2897 469 2972 mentio,
480 2923 494 2954 a
509 2899 647 2960 codicem
661 2900 800 2982 aliquem
811 2903 977 2982 antiquum
989 2915 1019 2961 et
1035 2902 1160 2983 optimas
1173 2913 1254 2960 notae
1268 2890 1356 2960 abeo

308 2991 463 3074 designari
480 3010 567 3077 puto.
592 2997 781 3057 Nazarianus
799 2996 892 3074 liber,
909 2998 1190 3079 manuscriptorum
1215 2997 1357 3058 omnium

308 3089 422 3167 quibus
442 3093 487 3150 usi
507 3112 611 3152 sumus
635 3093 884 3176 antiquissimus,
908 3107 943 3154 ut
961 3114 1054 3176 quem
1073 3106 1144 3155 aute
1165 3096 1358 3176 octingentos

309 3201 410 3244 annos
422 3187 569 3266 scriptum
585 3209 647 3248 esse
663 3189 826 3250 manifesta
837 3192 876 3249 sit
887 3189 978 3264 fides,
991 3191 1108 3271 quique
1119 3189 1258 3250 bonitate
1269 3210 1357 3271 supe·

309 3290 356 3336 rat
365 3298 476 3358 agmen
489 3281 567 3341 illud
580 3283 722 3344 codicum
737 3285 850 3366 quibus
862 3285 986 3365 adjutus
997 3299 1042 3344 est
1053 3286 1087 3344 in
1099 3283 1191 3366 liujus
1205 3285 1357 3367 ἐγχειριᾶου

308 3377 486 3437 recensione
503 3381 638 3460 optimus
654 3395 683 3440 et
700 3382 894 3443 doctissimus
906 3384 1051 3457 Vinctus,
1063 3384 1148 3442 Lucii
1160 3383 1270 3442 Anncei
1278 3381 1358 3442 ,Furi

307 3477 342 3534 in
353 3473 446 3534 titulo
456 3476 589 3558 praefert.
604 3479 675 3539 Non
692 3479 770 3542 alius
787 3493 889 3563 potest
904 3501 967 3541 esse
982 3479 1106 3555 Florus,
1123 3501 1219 3562 quam
1236 3479 1289 3540 ille
1303 3481 1357 3560 qui

307 3569 431 3655 'lrajani
453 3588 483 3633 et
505 3574 655 3635 Hadriani
675 3579 870 3660 temporibus
892 3579 1013 3655 floruit,
1033 3580 1087 3661 qui
1112 3581 1145 3640 in
1165 3577 1296 3662 epistola
1318 3578 1358 3638 ad

308 3667 521 3746 Hadrianum,
542 3669 629 3752 cujus
649 3674 786 3756 epistolae
804 3687 850 3736 ter
869 3691 922 3736 aut
939 3688 1048 3757 quater
1066 3679 1257 3738 mentionem
1274 3673 1358 3756 apud

309 3763 481 3828 Charisium
504 3773 651 3852 reperies,
673 3775 779 3834 scribit
796 3797 827 3836 se
846 3778 997 3857 poematis
1018 3776 1171 3840 delectari.
1194 3775 1377 3836 Character.

309 3875 412 3924 autem
428 3866 514 3926 istius
530 3867 666 3930 historici
683 3871 863 3954 compendii
874 3873 968 3955 plane
981 3876 1120 3956 poeticus
1133 3888 1192 3948 est,
1210 3886 1241 3934 et
1257 3870 1359 3932 homi·

309 3961 357 4019 nis
373 3963 406 4021 in
419 3967 517 4048 poetis
535 3988 599 4028 non
615 3969 779 4032 infeliciter
792 3972 919 4047 versati,
935 3977 1078 4056 quamvis
1090 3974 1150 4034 boc
1164 3993 1275 4055 parum
1288 3993 1359 4055 pro-

309 4055 377 4133 bet,
389 4061 413 4119 si
433 4083 496 4121 non
514 4062 573 4124 alia
588 4066 774 4129 accederent.
787 4070 827 4128 Et
841 4070 955 4130 mirum
970 4071 1178 4152 grammaticis
1194 4084 1259 4130 tam
1278 4069 1360 4128 invi-

309 4175 377 4219 tum
388 4155 549 4223 fuissehoc
560 4182 653 4243 opus,
664 4178 862 4248 utnusquam
875 4167 992 4248 aliquid
1004 4191 1038 4228 ex
1049 4187 1085 4228 eo
1096 4167 1135 4226 ad
1145 4167 1359 4228 testimonium
