3102 4942
387 488 692 555 TESTIMONIA
715 491 776 554 ET
797 491 1006 555 JUDICld.
1064 493 1065 499 ’
1175 513 1210 555 21

178 611 441 693 comparationem
461 613 590 694 scriptor
610 613 709 695 operis
731 613 848 688 nostri,
872 611 1066 674 considerata
1089 615 1217 674 materia

178 707 366 790 consilioque
377 707 459 789 ejus,
476 729 546 768 cum
558 711 667 790 quovis
679 707 739 769 alio
754 729 851 769 aurete
864 711 958 770 aetatis
974 711 1138 792 scriptore,
1152 730 1218 770 non

176 805 271 865 modo
288 805 464 882 admittere,
477 805 528 870 sed
542 807 635 867 etiam
651 809 800 868 sustinere
816 809 909 889 possit
915 851 1020 869 ......
1024 854 1039 896 p
1052 850 1217 868 .........

214 902 371 978 Quoniam
392 923 467 963 vero
492 903 616 980 accidit,
641 916 677 964 ut
701 903 785 963 Flori
808 904 1059 985 compendiosum
1081 903 1218 964 historia

175 1021 254 1082 opus
264 1001 392 1083 posteris
402 1002 596 1084 temporibus
613 1000 692 1062 adeo
704 999 936 1077 deformaretur,
948 1014 985 1062 ut
999 1002 1090 1064 nobis
1105 1001 1216 1062 Florus

175 1099 208 1159 in
225 1100 291 1180 ipso
308 1099 401 1160 Floro
416 1100 599 1182 quaerendus
611 1113 704 1174 esset,
721 1100 924 1159 necessarium
939 1113 985 1160 est
992 1128 1005 1174 ,·
1018 1113 1052 1159 ut
1068 1113 1097 1159 et
1112 1099 1151 1160 de
1168 1097 1216 1160 his

175 1196 355 1277 corruptelis
368 1218 467 1282 pauca
480 1197 575 1258 verba
585 1195 738 1256 faciamus
740 1238 1216 1256 .........................

213 1292 256 1352 Ac
265 1291 387 1353 videtur
399 1291 550 1373 ejusmodi
568 1305 683 1351 sortem
695 1291 795 1373 operis
810 1293 859 1351 sui
870 1291 980 1352 Florus
994 1295 1057 1374 ipse
1071 1291 1218 1372 quadam-

173 1401 262 1451 tenus
279 1393 479 1473 prospexisse.
497 1387 726 1470 Compendium
740 1387 879 1449 historiae
895 1392 1044 1450 Romanae
1056 1411 1074 1450 a
1085 1389 1218 1449 Romulo

173 1489 206 1547 in
217 1488 368 1550 Caessrem
380 1491 567 1569 Augustum,
579 1484 752 1569 cujusmodi
763 1487 814 1547 ille
828 1477 1015 1570 composuit,
1027 1485 1112 1547 baud
1124 1486 1220 1547 dubie

172 1585 265 1644 multi
281 1587 363 1646 iuter
374 1587 532 1648 Romanos
547 1598 617 1669 post
628 1571 706 1645 Livii
719 1585 870 1646 diffusum
882 1608 960 1670 opus
977 1586 1086 1668 cupide
1097 1597 1219 1668 exopta·

171 1693 290 1743 verunt.
308 1683 415 1763 Itaque
430 1682 620 1764 praevidebat
636 1696 760 1760 auctor,
776 1682 893 1744 librum
909 1704 999 1744 suum
1016 1705 1033 1743 a
1050 1695 1217 1767 praecepto·

172 1778 259 1838 ribus
280 1799 352 1839 mox
372 1793 555 1862 occupatum
577 1779 633 1855 iri,
650 1801 741 1862 quem
759 1781 862 1862 pueris
884 1801 920 1841 ex
940 1780 1161 1842 consuetudine
1181 1780 1217 1840 iu

172 1873 282 1936 scholis
302 1875 453 1957 legerent,
470 1874 636 1958 juvenibus
656 1891 852 1938 enarrarent:
874 1877 1063 1959 sciebatque,
1083 1876 1118 1936 in
1135 1872 1214 1955 ejus·

171 1971 257 2032 modi
278 1973 422 2056 operibus
442 1975 687 2036 commentandis
704 1975 819 2036 multos
838 1975 897 2038 sibi
915 1975 1013 2036 multa
1030 1975 1214 2058 permittere.

171 2067 336 2152 Propterea
350 2074 391 2133 sic
406 2093 484 2155 opus
499 2073 648 2148 instituit,
665 2073 707 2132 sic
725 2071 829 2133 divisit
844 2085 875 2133 et
892 2073 1081 2156 supportitus
1096 2083 1157 2146 est,
1172 2071 1215 2130 sie
1251 2077 1257 2088 ¹

171 2169 321 2228 mensuris
331 2168 517 2249 quibusdem
527 2191 561 2230 ao
573 2171 709 2252 repetitis
720 2168 865 2229 formulis
876 2170 1021 2243 accinxit,
1029 2179 1081 2242 ut,
1093 2166 1168 2226 durii
1179 2167 1215 2226 in

170 2261 299 2325 historia
309 2267 459 2328 tradenda
470 2269 655 2329 memoriam
668 2267 849 2329 discentium
859 2265 997 2349 juvaret,
1012 2267 1215 2346 animumque

171 2364 385 2424 enarrantium
396 2365 552 2440 excitaret,
568 2366 724 2426 tamenin
737 2365 934 2428 uniuersitate
949 2361 1053 2426 furmae
1069 2383 1133 2426 sum
1147 2383 1214 2422 non

170 2457 260 2518 facile
269 2481 287 2519 a
296 2481 455 2542 quoquam
465 2463 625 2546 corrumpi
637 2483 672 2523 ac
683 2465 935 2546 peruertiposset.
945 2463 1089 2522 Attamen
1101 2459 1218 2522 sciolus

170 2553 298 2638 aliquis,
310 2558 371 2618 sive
386 2559 627 2638 isdeolamator,
642 2562 709 2622 sive.
716 2560 929 2634 declamatoris
940 2560 1021 2620 male
1034 2559 1216 2640 ingeniosus
1260 2553 1263 2560 ²

169 2648 336 2735 discipulus
348 2653 422 2734 fuit,
435 2658 641 2739 quem,.quod
655 2658 725 2740 ipse,
732 2657 850 2741 prodit,
866 2657 959 2718 credo
975 2658 1055 2718 circa
1067 2651 1211 2734 Trajani,

169 2749 338 2829 Hadriani,
355 2769 408 2815 aut
427 2756 659 2817 Antoninorum
676 2775 777 2816 aevum
792 2756 918 2831 vixisse,
934 2755 1042 2816 sumsit
1059 2751 1120 2843 boc
1135 2751 1216 2826 sibi,

167 2859 203 2906 ut
220 2847 306 2908 Fieri
326 2853 544 2934 compendium
560 2854 594 2913 in
610 2874 665 2914 sua
678 2875 781 2934 usque
789 2866 931 2934 tempora
946 2850 1097 2913 deducere
1112 2849 1216 2910 vellet.

168 2941 197 3000 ls
210 2945 344 3022 proinde
355 2949 458 3008 statim
471 2951 624 3031 prooemio
636 2947 777 3030 quadam
794 2949 904 3022 assuit,
918 2947 1030 3028 quibus
1044 2957 1145 3005 aetates
1162 2963 1215 3024 po·-

168 3037 237 3121 puli
248 3039 383 3100 Romani
399 3063 464 3103 non
477 3056 554 3116 tres,
563 3045 729 3106 ¹ut.l⁴'lorus
744 3042 941 3116 fecerat‚.sed
954 3053 1100 3122 quamor,
1116 3053 1146 3099 et
1164 3038 1214 3099 de·

168 3135 298 3198 ductum
318 3157 396 3220 opus
414 3138 568 3220 usquead
588 3159 677 3201 snam
695 3149 814 3199 aetatem
832 3137 990 3198 indicaret.
1007 3135 1091 3198 Male
1110 3149 1215 3198 tamen

169 3233 290 3296 videtur
308 3237 428 3298 cessisse
449 3234 513 3298 haer
532 3255 642 3319 opera,
662 3237 806 3318 intraque
823 3237 1018 3320 propositum
1036 3235 1220 3298 substitisse..

167 3332 210 3392 Ac
218 3333 416 3412 crediderim,
426 3335 597 3412 eum,.dum
607 3335 707 3418 operis
716 3337 983 3396 continuationem
993 3347 1095 3396 mente
1106 3336 1213 3395 etiam·

168 3427 244 3490 dum
262 3432 406 3512 agitaret,
424 3435 645 3516 Epitomasque
660 3453 677 3491 a
695 3433 848 3516 principio
864 3434 973 3516 saepius
989 3433 1151 3514 relegeret,
1167 3431 1214 3492 iu·

168 3524 251 3586 felici
266 3527 383 3603 studio,
399 3530 461 3594 imo
477 3532 602 3614 pruritu
618 3529 789 3612 potius,.ad
800 3530 831 3590 id
843 3531 1019 3607 devenisse,
1035 3543 1071 3591 ut
1084 3529 1213 3589 Florum

168 3621 206 3683 de
220 3643 278 3683 suo
297 3624 420 3703 ingenio
434 3649 562 3709 augere,
574 3643 605 3688 et
618 3627 666 3688 vel
683 3627 775 3688 etiam
791 3627 919 3690 reddere
932 3639 1057 3709 cuperet
1075 3624 1214 3685 floridio·

169 3739 243 3781 rem.
262 3719 371 3800 ltaque
387 3721 510 3785 diversis
530 3722 660 3785 inlotis
681 3721 794 3804 adjecit
809 3724 927 3786 auctori
947 3722 1065 3805 aliquid
1081 3722 1213 3805 proprioe

168 3813 380 3896 loquacitatis,
392 3817 518 3880 mirifice
530 3821 647 3896 inanis;
659 3839 899 3901 nonnumquam
909 3831 953 3893 et,
965 3819 1041 3882 dum
1054 3818 1148 3884 rebus
1160 3814 1213 3876 ad·

170 3909 241 3971 dere
251 3912 393 3994 quaedam
405 3915 521 3990 studet,
533 3929 636 3998 aperte
647 3915 740 3989 falsa,
753 3929 808 3978 aut
818 3914 926 3976 saltem
938 3915 976 3978 ad
989 3933 1134 3980 reuunou
1145 3933 1212 3995 per-

169 4007 299 4069 tinentia
315 4011 534 4092 agglutinavit,
549 4012 683 4095 denique
700 4015 793 4074 etiam
811 4011 1020 4074 declamatorii
1038 4009 1168 4072 tumoris
1183 4019 1215 4068 et

170 4106 314 4188 strepitus
325 4109 516 4189 plenissimos
530 4109 616 4173 locos
632 4113 785 4192 appinxit:
804 4111 898 4192 idque
909 4107 979 4171 fecit
992 4109 1105 4194 partim
1122 4105 1213 4166 initio
