3156 4950
337 421 400 487 260
663 421 699 484 t.
723 393 881 484 iunnr
905 419 1050 486 rnonr

335 539 547 613 miraculum
570 543 726 639 primum
749 540 821 612 duo
844 539 955 614 millia
975 567 1018 616 ex
1041 542 1174 633 obviis,
1197 567 1283 616 mox
1298 544 1378 644 jure

336 653 421 728 belli
446 654 605 728 refractis
628 654 828 753 ergastulis,
853 660 1031 756 sexaginta
1053 655 1204 755 amplius
1228 657 1379 732 millium

335 769 421 844 fecit
448 775 663 860 exercitum,
689 773 883 870 regiisque,
909 797 954 844 ne
978 771 1066 871 quid
1090 772 1192 846 malis
1220 773 1377 866 deesset,

334 884 523 959 decoratus
543 884 753 985 insignibus,
774 883 934 976 castella,
954 886 1108 985 oppida,
1125 891 1223 961 vicos
1237 894 1378 963 misera·

149 1067 155 1082 ,
226 1017 238 1033 “
301 1030 316 1082 7
334 1001 398 1075 bili
416 1002 616 1101 direptione
635 1006 793 1074 vastavit.
812 1005 911 1094 Quin
928 999 1017 1075 illud
1032 1027 1176 1103 quoque
1194 1003 1379 1100 (ultimum

334 1115 419 1190 belli
431 1116 619 1212 dedecusl)
633 1133 738 1214 capta
747 1134 828 1189 sunt
838 1133 952 1190 castra
960 1135 1172 1215 praetorum3
1186 1145 1252 1192 nec
1267 1125 1378 1193 nomi·

333 1256 420 1303 nare
437 1234 532 1328 ipsos
550 1229 701 1329 pudebit
711 1262 720 1320 ;
742 1247 854 1304 castra
872 1231 1029 1322 Manilii,
1049 1231 1209 1321 Lentuli,
1225 1237 1377 1326 Pisonis,

333 1345 490 1444 Hypsaei.
503 1348 627 1446 ltaque
637 1350 698 1444 qui
708 1371 775 1444 per
784 1344 1002 1445 fugitivarios
1015 1346 1149 1420 retrahi
1159 1347 1377 1440 debuissent,

333 1463 517 1558 praetorios
529 1458 652 1550 duces,
667 1459 839 1559 profugos
853 1459 991 1559 praelio,
1006 1465 1075 1560 ipsi
1085 1460 1331 1561 sequebantur.

381 1574 545 1649 Tandem
571 1579 750 1674 Perperna
777 1580 993 1674 imperatore
1020 1577 1232 1676 supplicium
1258 1576 1304 1651 de
1328 1582 1379 1652 eis

300 1703 317 1758 8
333 1707 490 1762 sumtum
503 1704 565 1762 est.
590 1693 659 1764 Hic
680 1694 774 1764 enim
793 1695 924 1782 victos,
941 1707 977 1764 et
994 1692 1091 1791 apud
1106 1695 1245 1766 Ennam
1264 1699 1379 1768 novis·

333 1808 421 1878 sime
438 1803 613 1894 obsessos,
636 1829 748 1904 quum
768 1803 880 1897 fame,
903 1831 945 1878 err
965 1831 1036 1906 qua
1056 1805 1270 1905 pestilentia,
1295 1835 1377 1882 con-

333 1923 525 2010 sumsisset,
541 1915 705 2020 reliquias
718 1917 897 1993 latronum
911 1919 1165 2018 compedibus,
1179 1927 1311 1994 catenis
1324 1949 1377 1996 re-

333 2030 714 2134 ligavit,crucibusque
723 2037 861 2134 punivit
868 2033 1027 2134 ;fuitque
1040 2033 1085 2108 de
1095 2039 1202 2107 servis
1212 2038 1376 2108 ovatione

335 2165 538 2241 contentus,
551 2175 597 2223 ne
614 2148 822 2250 dignitatem
832 2147 1005 2249 triumphi
1018 2147 1136 2223 servili
1148 2153 1377 2249 inscriptione

336 2380 399 2456 quin
414 2382 544 2452 scripserit
556 2381 650 2436 Florus
662 2383 711 2437 boo
724 2385 836 2438 miraeu—
875 2385 984 2439 inferius
998 2382 1069 2438 idam
1081 2401 1181 2437 nomen
1194 2381 1376 2456 corripendum

336 2459 377 2525 lo,
389 2473 418 2512 ut
427 2465 561 2533 sequentia
567 2461 638 2533 fecit
646 2464 785 2517 exercitam
795 2483 836 2518 re·
875 2465 956 2532 foret,
972 2477 1001 2517 ut
1013 2478 1084 2518 recte
1096 2463 1234 2518 admonuit
1245 2461 1376 2516 Dulrerus.

336 2541 454 2594 ferantur
468 2541 501 2593 ad
513 2543 625 2596 Eanum.
638 2543 834 2596 Ferrrssnrrrrus.
875 2545 964 2599 Trrra.
983 2573 1020 2588 -ι-
1036 2547 1152 2600 Bonam.
1172 2545 1268 2598 Urbem
1284 2543 1377 2598 sicilie

335 2621 443 2672 -Jure
454 2619 524 2672 belli.
538 2621 618 2688 Quod
629 2623 708 2694 igitur
716 2625 760 2694 jus
773 2620 837 2675 belli
876 2625 1101 2678 mediterraneam.
1117 2653 1153 2664 —
1167 2625 1258 2691 Fame,
1276 2641 1308 2676 ex
1325 2643 1378 2696 qua

336 2699 460 2752 unat...
487 2699 569 2752 multa
588 2699 667 2754 verba
689 2701 837 2774 supplenda
873 2704 1028 2776 pestilentia.
1043 2705 1155 2756 Textum
1167 2704 1203 2754 ita
1217 2703 1377 2755 restituimus

336 2791 417 2845 sunt,
430 2791 459 2831 ut
478 2778 623 2851 intelligam
643 2779 743 2834 scilieet
755 2797 837 2854 quare
877 2801 909 2834 ex
920 2782 995 2833 Anna
1005 2779 1096 2848 Fabri,
1110 2795 1263 2853 corruptum
1272 2784 1300 2834 in
1308 2795 1378 2833 rete·

336 2861 481 2932 incaeptum
487 2859 586 2913 bellum
596 2864 722 2934 eoaqnasi
729 2863 756 2913 in
764 2863 838 2932 prio-
877 2861 949 2915 ribus
959 2861 1047 2929 libris,
1058 2861 1105 2914 ubi
1116 2861 1212 2934 legitur
1220 2863 1294 2935 quasi
1300 2863 1379 2935 pesti-

336 2959 366 2994 ra
371 2943 434 3012 jura
442 2939 593 2994 vindicaret.
606 2971 641 2984 -ι-
650 2943 796 3015 lleqiisque,
806 2959 838 2993 ne
877 2940 967 2994 lentie.
978 2971 1014 2982 —
1026 2942 1161 2995 Ouetione.
1170 2943 1280 2995 Minoris
1291 2943 1379 2993 trium

337 3020 401 3093 quid
406 3019 595 3086 maltacena,
605 3033 654 3072 etc.
664 3021 705 3072 An
713 3018 773 3072 ideo
780 3037 838 3092 gra·
877 3019 925 3091 plti
936 3037 1020 3090 genua
1032 3031 1086 3087 est,
1100 3020 1173 3092 quod
1185 3019 1378 3072 concedebatur

336 3100 395 3152 rior
411 3112 466 3151 erat
481 3099 570 3152 Eunus
586 3097 688 3170 populo
704 3100 837 3165 Romano,
878 3098 1094 3170 imperatoribus,
1104 3118 1184 3171 quum
1196 3097 1378 3152 autbellanon

338 3177 411 3249 quod
422 3178 499 3248 regiis
513 3177 569 3230 ibat
580 3176 718 3230 decoratus
732 3177 840 3249 insigni·
878 3180 927 3230 rite
935 3177 1050 3246 indicta,
1061 3197 1148 3250 neque
1155 3179 1291 3248 cumjusto
1301 3175 1378 3230 hoste

337 3257 404 3312 bns?
424 3261 481 3310 lta=
501 3255 671 3328 usqueadeo
693 3258 794 3329 regium
814 3256 838 3310 ei
876 3269 950 3326 gesta
968 3271 1068 3320 essent3
1086 3270 1132 3308 ant
1148 3255 1263 3307 hostiurn
1280 3273 1378 3307 nomen

337 3357 434 3390 nomen
453 3339 566 3389 invisum
585 3351 654 3402 erat,
675 3351 701 3389 et
719 3339 836 3409 tyrannis
875 3333 1380 3401 humileetnonidonerrmesset,rrtser·

337 3414 515 3469 reformidem.
875 3433 968 3468 rorum
979 3417 1176 3486 piratarumque
1188 3435 1195 3478 ς
1208 3428 1255 3466 aut
1265 3413 1380 3467 deditio-

374 3513 399 3566 7.
414 3495 592 3568 Fupitiuarios.
605 3495 734 3548 Dicuntur
745 3495 836 3567 fugiti-
875 3511 909 3545 ne
923 3505 1031 3564 repente
1049 3493 1132 3558 lacta,
1152 3491 1312 3564 impulverea
1331 3491 1379 3562 (ut

336 3576 414 3638 rarii,
426 3574 471 3645 qui
479 3573 595 3643 fugitivis
604 3571 744 3642 adduntur,
752 3587 781 3626 ut
791 3591 837 3626 eoa
876 3571 929 3624 dici
936 3569 1013 3644 solet)
1021 3573 1211 3644 incruentaque
1217 3573 1326 3624 victoria
1333 3571 1380 3624 ob-

338 3651 482 3707 retrabant.
876 3649 1379 3721 veniret.Agell.V‚6.0vansrreoeurru

373 3737 399 3790 8.
412 3736 552 3806 Perperna.
566 3734 615 3784 Pro
627 3735 778 3806 Perpenna,
792 3732 836 3785 Pi·
874 3744 974 3796 vectus,
985 3729 1319 3799 nectrabeam,nectogam
1325 3729 1380 3799 pio·

336 3815 412 3887 ssbius
424 3815 451 3865 in
464 3811 601 3865 annalibus
615 3813 739 3865 Romanis
749 3809 783 3863 ad
793 3830 837 3863 an·
874 3821 929 3860 tam
940 3806 1062 3876 indutus,
1076 3807 1190 3879 pedibus
1204 3807 1296 3860 urbem
1307 3825 1379 3860 exer·

337 3911 400 3946 num
412 3893 478 3957 622,
492 3890 597 3942 Florum
611 3892 745 3961 scripsisse
758 3901 836 3960 putat
875 3888 929 3940 citu
943 3902 1076 3958 praeunte
1090 3887 1249 3961 ingreditur,
1263 3900 1293 3940 ut
1303 3900 1379 3940 testa-

338 3969 837 4043 P.1lupilio.lseuimomniumaucto·
875 3979 919 4020 tur
931 3969 1072 4042 Dionysius
1087 3971 1121 4037 V,
1145 3967 1195 4035 46,
1217 3969 1262 4040 qni
1281 3967 1379 4018 oratio·

338 4065 396 4100 rum
414 4065 545 4100 consensu
560 4046 611 4099 hoc
626 4045 725 4099 bellum
744 4042 836 4098 servile
876 4065 936 4100 nem
952 4045 1092 4117 pedestrem
1110 4046 1271 4117 triumphum
1289 4056 1376 4096 secat.

339 4125 460 4178 malecit.
472 4123 585 4194 Quodsi
598 4143 687 4178 rerum
698 4137 748 4193 est,
758 4126 835 4177 etiam
876 4125 995 4178 Ferreae.
