3156 4950
528 475 671 537 LIBER
694 473 915 538 TERTIUS.
1179 495 1237 538 221

252 603 361 701 Igitur
378 616 418 671 ut
438 602 606 672 exstincta
618 623 747 697 parum
762 594 914 668 fideliter
928 595 1092 670 incendia
1110 595 1244 694 majore
1264 631 1296 696 ¹4

205 714 347 788 flamma
357 719 584 802 reviviscunt;
595 718 645 786 ita
656 712 714 786 ille
726 711 771 784 de
783 716 936 810 integro,
952 715 1062 784 auctis
1073 711 1246 810 majorem

205 836 241 903 in
264 832 413 904 modum
438 835 572 930 copiis,
594 847 670 902 tota
695 827 847 926 denique
871 831 970 924 regni
993 831 1048 902 sui
1071 824 1186 917 mole,
1209 830 1246 898 in

205 948 322 1018 Asiam
335 971 451 1017 rursus
462 947 568 1034 mari,
581 959 693 1030 terra,
709 939 982 1038 fluminibusque
992 940 1167 1013 veniebat.
1181 943 1247 1040 Cy·
1266 952 1297 1005 ¹⁵

206 1064 320 1134 zicum
330 1060 459 1135 nobilis
471 1064 610 1149 civitas,
624 1084 720 1148 arce,
733 1055 925 1144 moenibus,
938 1071 1061 1153 portu,
1075 1058 1248 1130 turribus·

206 1202 274 1274 que
295 1181 522 1264 marmoreis,
539 1177 699 1247 Asiaticae
715 1170 829 1269 plagas
845 1169 951 1243 litora
966 1168 1126 1254 illustrat.
1145 1175 1246 1245 Hauc

206 1287 282 1380 ille,
299 1296 397 1390 quasi
414 1289 562 1363 alteram
580 1293 748 1376 RomaQ
767 1301 844 1358 toto
863 1289 1039 1356 invaserat
1051 1281 1165 1356 bello:
1186 1285 1249 1356 sed
1269 1298 1300 1349 ¹6

205 1403 374 1477 fiduciam
398 1403 586 1502 oppidanis
611 1399 796 1474 resistendi
818 1403 959 1471 nuntius
984 1397 1090 1487 fecit,
1117 1397 1249 1470 docens

207 1519 397 1590 adventare
407 1516 610 1590 Lucullum:
625 1520 685 1616 qui
696 1513 883 1610 (horribile
893 1511 1025 1606 dictul)
1038 1537 1104 1610 per
1114 1509 1248 1584 medias

206 1633 362 1707 hostium
371 1659 476 1706 naves
488 1649 566 1708 utre
578 1657 780 1733 suspensus,
793 1645 829 1702 et
840 1627 991 1728 pedibus
1001 1633 1068 1699 iter
1081 1624 1249 1726 adguber-

207 1747 1247 1849 nans,videntibusprocul,quasimarinapistrix,evaserat.

208 1865 294 1937 Mox
304 1862 405 1936 clade
415 1889 599 1956 conversa,
612 1891 722 1965 quum
733 1889 775 1934 ex
784 1886 885 1933 mora
897 1857 1121 1932 obsidentem
1130 1883 1250 1956 regern
1271 1869 1300 1924 ¹7

246 2034 286 2101 14.
309 2035 476 2089 Utexstt'netu
488 2054 582 2108 porum
595 2035 711 2110 fideliter
749 2033 873 2087 suivirrnr
884 2029 1001 2082 Annibal
1011 2027 1249 2081 reservireutd’ou-

209 2114 366 2168 incendio...
379 2115 539 2170 reviviscunt.
553 2118 593 2170 lta
603 2117 710 2170 Curtius
751 2125 800 2166 tres
821 2128 890 2183 pour
914 2110 939 2162 Ie
961 2127 1068 2183 postaqe
1092 2111 1127 2162 du
1151 2107 1251 2161 stoue.

208 2193 308 2262 v1‚3‚
329 2213 373 2246 tr:
392 2197 495 2247 «Parva
511 2213 580 2266 saepe
596 2191 710 2248 scintilla
753 2191 943 2262 Quinte-Curre
960 2187 1044 2258 (Hirr.
1063 2187 1251 2254 d'Alexaudre,

211 2283 364 2324 seontamta
383 2291 509 2344 magnum
528 2275 650 2326 excitavit
669 2273 711 2323 in·
752 2272 797 2324 liv.
811 2271 895 2338 VIII,
912 2270 953 2322 els.
971 2269 1002 2340 7)
1018 2269 1136 2322 etAriert
1151 2271 1252 2342 (Expe-

210 2372 222 2396 ι
232 2349 386 2402 caudium.»
406 2353 465 2403 Haeo
481 2365 583 2419 autem,
599 2369 656 2424 quae
668 2368 711 2402 se·
751 2355 835 2408 ditt'ott
852 2351 1038 2420 d’Alexastdre,
1054 2353 1099 2406 liv.
1115 2353 1176 2425 III)
1190 2370 1253 2423 tup-

209 2444 334 2500 quuntur‚
344 2444 420 2502 gesta
429 2443 492 2484 suut
502 2433 577 2484 tertio
588 2429 658 2483 hello
669 2429 713 2482 ad·
750 2444 855 2506 portent
863 2430 1053 2504 qu'Alexaudre
1052 2431 1090 2506 fit
1094 2434 1254 2504 passert‘tsott

209 2527 298 2562 versus
304 2509 573 2583 Mithridatem‚quod
583 2512 604 2562 is
612 2509 713 2582 aliquot
752 2515 837 2567 arme'e
849 2512 873 2564 le
879 2511 970 2588 fleuve
987 2513 1057 2566 Oxus
1067 2531 1119 2585 par
1130 2532 1159 2566 oe
1170 2511 1254 2566 meme

209 2591 286 2642 anuis
294 2601 457 2660 postpacem
465 2610 525 2642 cum
536 2589 604 2662 Sylla
616 2591 712 2642 factam
752 2593 895 2667 expeldr'errt.
910 2593 1096 2664 Cefutenoore
1106 2613 1168 2646 avec
1178 2611 1207 2646 ee
1216 2611 1255 2644 se·

209 2677 288 2736 atquo
305 2669 384 2719 etiam
402 2682 463 2738 post
483 2668 562 2740 hujus
582 2682 710 2734 mortem,
752 2669 1134 2745 coursquel'asru'eedelouien
1145 2682 1255 2724 traversa

210 2745 343 2815 precipue
355 2763 370 2795 a
383 2745 498 2797 Sertorio
509 2746 638 2818 impulsus
652 2765 711 2800 sus·
723 2767 728 2778 ·
753 2752 777 2804 le
788 2751 878 2823 Tiqre,
887 2749 993 2803 suivant
1001 2750 1107 2802 Zosime
1115 2748 1196 2818 (Hirr.
1208 2748 1254 2800 liu.

211 2835 328 2892 ceperat.
752 2830 813 2900 111)
818 2851 827 2891 ,·
839 2826 911 2898 enfin
921 2847 955 2880 on
966 2838 1053 2881 trouve
1065 2825 1092 2878 la
1103 2827 1256 2898 description

251 2899 289 2951 16.
309 2899 440 2952 Horrt'bile
450 2903 520 2954 dictu
526 2910 536 2956 ,¹
549 2905 606 2956 lloo
618 2905 712 2956 merito
754 2907 816 2961 (Iun
825 2917 893 2978 pont
907 2905 1017 2960 d'outres
1030 2904 1095 2956 duos
1109 2903 1257 2974 Xlnoplsost

213 2975 383 3048 reprehendit
390 2977 537 3032 Graeviusiu
544 2983 714 3053 prolatione,
754 2983 928 3056 (Expedition
944 2985 975 3034 de
993 2984 1086 3051 Cyrus,
1103 2980 1148 3032 liu.
1162 2981 1254 3052 111)..

213 3069 346 3126 tamquam
367 3053 522 3125 tragoediam
542 3061 569 3109 in
586 3077 613 3110 re
634 3075 716 3127 parva
756 3065 844 3131 Quam
857 3059 963 3130 quidem
979 3073 1070 3112 notatu
1081 3059 1257 3131 suppeditavit

212 3149 238 3190 et
254 3135 433 3190 usitatissima.
445 3165 481 3176 -
498 3137 559 3188 Utre
574 3154 712 3209 tropeum·
756 3139 956 3194 Eruditissimus
973 3141 1012 3190 vir
1031 3136 1149 3204 Caurus,
1165 3153 1257 3193 auctor

210 3213 714 3289 Multahujusreiexetirplaluereaputl
754 3219 947 3273 dissertationis
971 3218 1092 3289 optimos,
1118 3217 1193 3271 dicte
1215 3218 1258 3272 des

211 3297 715 3367 veteres.aIaesoutret,selonleuruom-
758 3297 932 3354 Utriculairer.

213 3377 254 3428 bre
270 3390 294 3430 es
308 3377 334 3430 la
346 3377 462 3431 muniere
474 3379 508 3431 de
522 3379 558 3432 les
571 3376 713 3449 employer,
795 3398 834 3449 ¹7·
847 3380 912 3432 Mox
921 3378 1130 3433 clodecoouetso.
1142 3377 1257 3432 Siuetlu-

210 3456 354 3526 pouvot'ent
373 3471 461 3530 porter
479 3480 516 3512 un
538 3479 572 3512 ou
590 3455 715 3531 plusieurs
754 3460 800 3512 hio
813 3459 865 3512 hoc
877 3455 941 3511 dicit
950 3458 1042 3512 Flauus
1055 3455 1088 3510 de
1100 3457 1190 3525 clade,
1205 3476 1256 3531 qua

214 3531 341 3598 hommes,
353 3543 379 3585 et
387 3535 469 3588 metue
478 3537 522 3591 eles
530 3537 627 3590 riuales
635 3537 714 3588 entie-
754 3540 880 3605 Romani,
889 3538 956 3592 duee
964 3537 1055 3605 Cotta,
1066 3541 1125 3609 qui,
1135 3552 1196 3592 suta
1204 3541 1256 3592 Lu·

214 3631 258 3664 ses.
266 3611 313 3664 Les
321 3613 425 3667 enciens
434 3629 533 3669 auteurs
543 3637 606 3670 nour
614 3615 714 3689 offreut
755 3615 1257 3685 culliadventum,bellumoumMithri·

213 3691 255 3744 des
265 3688 393 3761 exemplet
402 3693 433 3743 de
444 3705 507 3746 cette
519 3699 638 3768 pratr'que
650 3697 714 3748 dans
753 3698 815 3752 date
833 3711 963 3770 gesserat,
972 3713 999 3756 ,a
1019 3697 1145 3748 Romanis
1165 3695 1257 3748 affecti

214 3771 459 3825 toutessesvaritltes.
471 3774 511 3824 On
522 3775 575 3824 voit
581 3775 645 3827 dous
653 3775 714 3827 Sue·
754 3779 868 3832 fuerant.
880 3808 916 3819 -
930 3779 1017 3848 Quum
1029 3793 1061 3828 es
1071 3793 1179 3828 mora...
1189 3813 1195 3826 .
1205 3775 1255 3847 fo·

215 3863 274 3902 toue
285 3848 351 3920 (Jul.
367 3850 424 3902 Ces.
438 3849 480 3901 ch.
494 3847 543 3921 57)
558 3853 632 3904 cesar
641 3854 717 3925 porte
755 3875 821 3922 mes,
839 3874 871 3908 ex
881 3856 960 3926 fame
972 3853 1121 3925 pestilentia
1124 3889 1185 3906 .....
1203 3868 1254 3908 ete·

214 3947 257 3982 sur
273 3929 317 3980 des
332 3941 430 3994 outres,
451 3939 574 3981 troverser
587 3929 715 4001 plusieurs
754 3936 845 3988 lectio
860 3937 951 4006 utique
964 3929 1195 4002 commendabilis,
1208 3931 1255 3988 sed

209 4009 266 4081 fois
275 4008 427 4082 tustanum,
439 4021 464 4062 et
472 4010 636 4082 prevenirses
645 4029 715 4062 cour
755 4031 812 4084 quat
824 4010 945 4064 codicum
956 4012 1112 4066 auctoritate
1124 4015 1253 4066 nonsatis

215 4089 290 4151 n'ersr
307 4087 379 4142 selou
402 4089 546 4143 Tite-live
563 4091 650 4156 (illst.
670 4090 713 4143 liv.
756 4091 880 4143 firmatur.
899 4093 966 4144 Nam
983 4091 1140 4146 vocabulum
1147 4092 1251 4164 furtes,

216 4169 292 4234 xxi,
310 4168 351 4221 ch.
372 4169 435 4242 η),
454 4169 490 4224 les
506 4169 651 4244 Espoynols
668 4169 715 4244 qui
756 4169 828 4242 quod
839 4173 912 4243 prius
925 4191 956 4224 ex
966 4153 1072 4242 ingssnio
1084 4171 1253 4246 suppleuerat
