3102 4942
390 478 696 550 TESTIMONlA
718 471 779 542 ΕΤ
801 477 1009 542 JUDlGl'ri
1204 475 1222 538 3

182 631 223 672 eu
241 611 320 672 elius
337 611 392 685 sit,
409 609 463 688 qui
482 605 683 688 singulorum
696 601 760 662 lere
776 601 856 660 Livii
873 599 1026 660 librorum
1045 591 1226 681 arguments
1312 592 1315 608 '

105 737 108 742 ·
183 705 319 791 reliquit,
332 725 401 788 quse
414 703 509 766 hodie
518 715 652 778 exstent,
666 703 758 762 etiem
770 697 940 780 librorum,
953 699 1007 784 qui
1020 697 1225 782 deperierunt.

221 805 384 882 seuseu,
395 804 571 865 denomino
583 805 674 863 etiam
687 799 842 882 scriptoris
853 799 939 859 litem
951 812 1079 860 movent
1091 799 1147 858 viri
1158 819 1227 860 eru·

182 903 248 965 diti.
275 901 459 984 scrupulum
488 903 525 962 iis
551 899 666 983 injicit,
687 895 773 980 quod
798 897 936 957 Luctant.
961 895 1095 956 lustitut.
1123 895 1227 958 Dirin·
1258 959 1259 962 ,

183 999 238 1060 lib.
252 1000 309 1060 vll
325 1001 465 1062 Senecam
484 997 626 1081 appellet.
645 992 821 1075 Siquidem,
839 992 1003 1072 inquiunt,
1020 993 1227 1074 antiquiorem

184 1097 244 1158 lsoc
253 1096 398 1158 historico
409 1083 561 1156 hebemus
574 1093 748 1166 neminem,
761 1089 815 1170 qui
828 1087 981 1170 populum
994 1089 1170 1150 Romanum
1181 1089 1229 1150 di·

182 1196 286 1256 viserit
296 1217 353 1279 per
360 1209 496 1278 quotuor
506 1207 618 1254 aetstes.
632 1195 670 1250 At
679 1191 823 1251 Senecam
832 1185 897 1268 ejus
906 1186 950 1246 rei
959 1199 1116 1248 auctorem
1124 1185 1230 1248 lsudst

185 1296 226 1370 is,
241 1315 334 1376 quem
353 1293 508 1368 diximus,
521 1290 720 1364 Lactantius,
738 1287 787 1348 his
804 1287 924 1348 verbis:
943 1312 957 1344 u
967 1289 1039 1348 Nou
1059 1289 1165 1350 inscite
1183 1289 1231 1350 Sc·

186 1413 286 1454 «neca
304 1393 454 1454 Rumuuae
472 1390 558 1450 urbis
576 1401 716 1469 tempore
735 1385 892 1446 distribuit
911 1387 945 1446 in
966 1399 1076 1446 etates.
1096 1387 1233 1447 Primum

187 1491 297 1551 «euim
312 1489 389 1551 dixit
402 1487 569 1548 infantium
587 1485 644 1546 sub
657 1505 728 1566 rege
740 1483 875 1545 Romulo
894 1482 1005 1559 fuisse;
1018 1506 1037 1543 a
1055 1505 1118 1566 quo
1135 1498 1166 1545 et
1182 1505 1235 1566 ge·

187 1612 202 1642 κ
213 1587 296 1662 nite,
308 1601 339 1646 et
351 1585 438 1666 quasi
454 1583 582 1644 educata
594 1585 631 1642 sit
644 1584 742 1644 Romu
754 1593 760 1641 ':
774 1580 886 1643 deiude
899 1583 1063 1664 pueritiam
1076 1582 1133 1642 sub
1148 1595 1233 1643 caete·

188 1685 256 1743 uris
274 1682 413 1764 reginum
434 1702 451 1742 u
469 1681 581 1762 quibus
599 1693 630 1741 et
649 1691 740 1740 sucta
760 1682 814 1756 sit,
835 1691 866 1739 et
884 1677 1052 1762 disciplinis
1072 1677 1232 1766 pluribus,

188 1782 422 1863 «institutisque
439 1781 591 1841 formate:
611 1793 643 1839 ut
661 1799 752 1855 vero,
763 1779 935 1859 Tarquinio
953 1792 1118 1862 regnante,
1135 1799 1233 1865 quum

189 1905 203 1934 s
209 1877 276 1961 jum
290 1881 377 1961 quusl
389 1879 494 1940 adulta
505 1899 568 1940 esse
581 1879 739 1960 coepisset,
754 1877 913 1938 servitium
927 1897 991 1938 non
1006 1877 1128 1952 tulisse;
1144 1890 1173 1937 et
1186 1899 1232 1938 re·

189 2000 204 2030 u
210 1974 293 2057 jecto
306 1976 447 2059 superbae
458 1975 681 2037 dominationis
690 1975 783 2057 jugo,
792 1973 936 2034 moluisse
946 1975 1068 2056 legibus
1080 1976 1235 2057 obtempe-

191 2093 296 2148 urere,
315 2095 409 2156 quum
430 2073 572 2154 regibus:
594 2093 754 2155 quumque
774 2085 850 2132 esset
867 2071 1074 2146 odolescentia
1095 2071 1158 2153 ejus
1173 2069 1237 2132 line

191 2197 205 2224 u
215 2171 325 2231 Punici
337 2169 411 2234 belli
421 2172 596 2245 terminate,
604 2184 671 2230 tutu
682 2169 824 2244 demum,
836 2167 1026 2229 confirmetis
1039 2168 1165 2246 viribus,
1176 2189 1236 2228 coe·

192 2291 205 2322 ι
216 2270 295 2350 pisse
313 2268 516 2349 juvenescere.
536 2269 662 2330 Sublata
681 2269 765 2328 euim
786 2267 990 2349 Carthagine,
1012 2287 1080 2349 quae
1098 2281 1162 2328 tam
1182 2265 1237 2328 diu

192 2364 330 2426 aemula
350 2366 472 2448 imperii
490 2366 624 2426 llomsui
643 2361 720 2441 fuit,
740 2385 851 2426 manus
866 2385 936 2425 suas
957 2365 1108 2426 intutum
1130 2365 1236 2426 orbem

192 2485 206 2514 u
216 2474 297 2522 terra
309 2463 448 2544 merique
460 2462 610 2546 porrexit:
623 2461 721 2523 donec
732 2461 856 2544 regibus
870 2463 1003 2540 cunctis,
1014 2477 1044 2524 et
1055 2461 1236 2524 ustionibus

193 2555 404 2640 «subjugetis,
427 2579 524 2640 quum
540 2555 604 2639 jem
624 2557 778 2618 bellorum
796 2559 925 2619 mutetis
939 2557 1100 2635 deficeret,
1120 2558 1239 2619 viribus
1276 2559 1281 2568 ’

193 2657 279 2716 ιωίι
296 2655 377 2718 mele
394 2671 542 2733 uteretur,
554 2657 668 2739 quibus
684 2677 715 2717 se
730 2658 797 2739 ipss
811 2656 954 2718 confecit.
973 2660 1045 2720 Haec
1062 2659 1123 2719 fult
1137 2657 1238 2742 primu

193 2777 207 2806 a
217 2752 281 2835 ejus
292 2769 450 2830 seueuus,
462 2775 560 2837 quum
573 2754 663 2816 bellis
676 2754 807 2816 lacerntu
818 2755 976 2850 civilibus,
989 2769 1082 2842 atque
1092 2757 1240 2817 intestino

192 2851 302 2912 «molo
317 2873 439 2934 pressu,
455 2873 559 2914 rursus
576 2852 615 2913 ad
634 2854 773 2934 regimen
789 2854 954 2934 singularis
971 2854 1093 2936 imperii
1111 2850 1240 2934 recidit,

193 2973 207 3001 u
219 2949 307 3029 qussi
321 2951 359 3010 sd
373 2951 502 3012 alterum
517 2949 685 3009 infantium
699 2947 850 3009 revolute.
863 2950 1077 3010 Amissa-enim
1089 2949 1242 3024 libertate,

193 3061 333 3125 «quem,
351 3045 448 3106 Bruto
468 3044 548 3106 duce
566 3058 596 3104 et
616 3057 760 3118 auctore,
780 3041 977 3120 defenderat,
997 3043 1242 3118 lts'couseuuit,

195 3165 209 3194 ι
218 3153 380 3224 umquem
393 3152 565 3204 sustentare
575 3159 608 3200 se
618 3140 685 3221 ipss
698 3157 765 3200 non
779 3137 912 3215 valeret,
923 3140 982 3202 nisi
994 3141 1184 3204 adminiculo
1198 3163 1244 3206 re·

196 3237 360 3320 agentium
372 3247 629 3298 sustentaremus
643 3235 799 3296 Hactenus
809 3237 998 3300 Lactantius.
1016 3239 1061 3300 Ee
1074 3250 1177 3300 autem
1191 3259 1242 3302 ex-

194 3337 346 3419 scripsisse
357 3337 448 3399 siunt
458 3355 495 3397 ex
507 3333 638 3418 prologo
649 3333 750 3409 Flori,
760 3335 815 3394 ubi
828 3331 895 3398 haec
906 3333 1007 3423 logos:
1021 3338 1075 3400 «si
1088 3339 1157 3420 quis
1168 3359 1242 3420 ergo

198 3457 211 3486 s
220 3433 372 3516 populum
383 3435 578 3508 Romanum,
590 3433 678 3520 quusi
696 3429 860 3494 bominem
878 3435 1068 3512 consideret,
1083 3450 1243 3522 totumque

198 3530 288 3614 sejus
307 3545 427 3593 etatem
445 3546 639 3616 percensent,
662 3543 697 3592 ut
719 3533 865 3616 coeperit,
886 3547 980 3618 utque
1001 3534 1189 3612 adoleverit,
1208 3551 1244 3597 ut

200 3628 313 3708 squasi
333 3627 373 3686 od
395 3628 561 3708 quemdum
581 3625 719 3712 juventus
740 3627 853 3704 ,florem
874 3633 1066 3714 pervenerit,
1084 3645 1120 3694 ut
1139 3647 1244 3720 postes

200 3724 308 3786 ovelut
325 3727 537 3803 consenuerit,
555 3739 691 3808 quatuor
707 3727 820 3808 gradus
839 3747 1059 3812 processusque
1075 3731 1141 3814 ejus
1160 3731 1245 3790 inre·

201 3823 298 3883 uniet.
322 3823 427 3885 Prima
446 3839 518 3884 estas
539 3825 597 3886 sub
624 3825 748 3906 regibus
771 3825 833 3886 fult
855 3847 954 3909 prope
976 3849 1031 3910 per
1052 3828 1110 3890 250
1129 3847 1244 3902 annos,

201 3917 338 3998 equibus
356 3923 474 3982 circum
493 3921 592 4003 ipsam
609 3937 739 3983 matrem
759 3941 847 3983 suam
867 3941 939 3983 cum
956 3921 1097 3985 finitimis
1115 3923 1247 3986 luctatus

202 4027 280 4076 aest·
302 4017 375 4080 Huc
390 4021 449 4081 erit
467 4018 532 4106 q‘us
550 4017 693 4080 infantia.
713 4021 849 4102 Sequens
870 4043 888 4080 a
909 4023 1004 4082 Bruto
1028 4020 1246 4111 Collatinoque

204 4111 423 4190 seousulibus,
441 4117 475 4175 in
497 4118 633 4198 Appium
655 4115 821 4177 Claudium
848 4115 1083 4197 Quinctiumque
1103 4117 1250 4177 Fulvium

1101 4234 1122 4267 1.
