3108 4956
524 493 669 558 ninnn
692 495 930 577 cusanus.
1185 501 1245 566 321

203 619 374 694 cendere:
391 616 455 691 sed
473 639 596 689 omnes
610 614 702 688 illius
718 615 871 688 cardinis
889 617 1059 718 populos,
1076 624 1250 714 Brennus,

202 738 357 810 Senones
373 751 480 837 atque
494 733 717 822 Vindelicos,
733 759 800 834 per
812 737 1022 832 privignum
1033 761 1138 808 suum
1149 735 1251 810 Clau·
1295 719 1301 744 ⁸

143 879 145 884 ·
202 851 302 925 dium
315 855 470 928 Drusum
483 855 701 952 perpacavit.
715 851 805 941 Quae
818 850 927 924 fuerit
943 849 1153 924 callidorum
1168 879 1253 952 gen·
1269 873 1286 926 5

202 975 292 1042 tium
306 969 442 1061 feritas,
458 967 563 1042 facile
578 966 637 1042 vel
649 968 815 1041 mulieres
830 966 1034 1041 ostendere:
1054 995 1149 1070 quae,
1164 969 1253 1043 defi-

202 1085 376 1160 cientibus
400 1083 499 1175 telis,
523 1083 675 1157 infantes
698 1088 793 1182 ipsos
817 1081 968 1156 afflictos
993 1081 1104 1156 humo
1130 1090 1167 1157 in
1190 1111 1255 1158 ora

202 1200 356 1274 militum
375 1201 523 1274 adversa
536 1202 718 1270 miserunt.
735 1195 845 1295 lllyrii
865 1223 1008 1298 quoque
1022 1197 1087 1270 sub
1105 1197 1254 1298 Alpibus
1271 1222 1289 1274 6

202 1330 323 1414 agimt,
335 1310 607 1413 imasquevalles
615 1333 805 1399 earnm,ac
813 1311 976 1410 quaedam
984 1311 1254 1412 quasiclaustra,

203 1430 425 1521 custodiunt,
440 1427 829 1529 abruptistorrentibus
840 1423 1014 1528 impliciti.
1028 1432 1069 1503 ln
1079 1428 1145 1504 hos
1157 1457 1257 1529 expe

205 1545 380 1619 ditionem
394 1551 470 1645 ipse
480 1549 617 1636 sumsit,
630 1545 779 1644 fierique
790 1561 917 1643 pontes
927 1549 1125 1644 imperavit.
1139 1549 1208 1618 Hic
1220 1570 1256 1620 se
1273 1589 1288 1642 7

174 1691 176 1696 ·
205 1677 241 1733 et
252 1663 352 1758 aquis
365 1677 401 1732 et
414 1658 515 1734 boste
531 1659 775 1751 turbantibus,
789 1667 970 1733 cunctanti
986 1660 1033 1734 ad
1047 1661 1257 1736 adscensum

206 1774 310 1848 militi
326 1795 466 1850 scutum
482 1779 528 1851 de
542 1795 651 1851 manu
662 1783 795 1877 rapuit;
815 1782 905 1851 etin
922 1783 979 1850 via
998 1783 1154 1877 primus,
1171 1795 1256 1882 tnnc

205 1891 345 1994 agmine
361 1911 501 1985 secuto,
519 1894 807 1996 quum'lllyricus
824 1895 1053 1968 multitudine
1068 1921 1159 1995 pons
1179 1915 1258 1968 suc·
1372 1903 1373 1906 ’

183 2005 186 2012 ’
205 2007 360 2102 cidisset,
375 2016 516 2085 saucius.
528 2011 692 2086 manibus
709 2037 751 2084 ac
768 2011 947 2101 cruribus,
965 2015 1160 2110 speciosior
1173 2033 1258 2084 san-

204 2130 326 2224 guine,
341 2144 376 2200 et
387 2132 465 2226 ipso
477 2127 639 2227 periculo
651 2131 845 2226 augrrstior,
857 2135 957 2224 terga
971 2124 1127 2198 hostiurn
1139 2151 1258 2225 perce-

205 2240 303 2312 cidit.

254 2359 427 2429 Pannonii
444 2356 584 2430 duobus
604 2356 765 2446 saltibus,
783 2383 825 2430 ac
838 2355 952 2428 tribus
970 2356 1100 2446 lluviis,
1118 2357 1255 2450 Dravo,
1274 2383 1292 2434 8

240 2559 265 2626 4.
278 2559 401 2614 Cardinr's.
409 2559 523 2630 Gallice,
535 2559 568 2614 de
574 2581 603 2614 ce
609 2561 708 2614 climat.
744 2559 857 2636 fierique
871 2575 964 2635 pontes
977 2575 1002 2616 et
1014 2563 1090 2636 aquis
1105 2563 1257 2636 imperauit,·

205 2637 253 2691 Ed.
272 2643 300 2690 P.
320 2642 425 2694 ordinis.
438 2673 473 2682 -
485 2643 613 2709 Brennus,
632 2643 712 2696 Seno·
751 2639 812 2693 inde
822 2641 855 2694 ls.
864 2643 973 2695 Vossius
981 2642 1124 2713 legendum
1134 2643 1257 2712 conjicie-

205 2737 257 2772 nes.
265 2723 315 2771 Pro
325 2723 440 2775 Breucos
446 2723 646 2778 rescribendum
656 2739 711 2776 esse
751 2719 811 2786 bat,
824 2721 958 2773 stabulis:
972 2721 1032 2772 Nic.
1045 2721 1169 2774 Heinsius
1180 2739 1257 2773 ecra-

206 2801 339 2865 Breunos,
361 2799 499 2854 codicibus
523 2803 612 2854 edocti
636 2803 713 2854 multi
753 2799 921 2850 titus:Tiue
935 2809 1080 2872 ataqqeres.

206 2873 303 2926 videre.
321 2875 373 2928 Sed
390 2890 416 2929 et
431 2897 481 2949 pro
497 2879 629 2946 Senones,
647 2899 713 2950 quos
790 2892 814 2946 7.
836 2877 1015 2929 Turbantibus.
1033 2869 1161 2928 Militibus
1173 2875 1259 2929 Caesa·

206 2954 300 3005 Florus
313 2954 358 3006 diu
369 2968 431 3008 ante
441 2975 457 3010 a
468 2958 595 3010 Romanis
605 2975 714 3029 prorsus
753 2955 789 3006 ris
808 2973 836 3006 te
852 2954 1022 3007 turbantibus
1038 2953 1116 3008 hoste
1130 2953 1260 3028 et'aquis,

207 3034 310 3088 deletos
328 3036 448 3104 tradidit,
466 3037 532 3090 nihil
549 3037 643 3090 dubito
654 3058 715 3090 cum
754 3045 805 3087 etc.
827 3063 862 3074 -
886 3033 1016 3104 illyricus.
1045 3033 1176 3107 Corrupta
1196 3054 1257 3088 vox.

206 3115 294 3168 Tollio
304 3135 433 3188 reponere
446 3121 585 3172 Genaunos
595 3139 626 3172 ex
637 3122 716 3173 Hora·
754 3112 809 3164 Pal·
832 3131 861 3178 ²7
878 3129 904 3166 θῑ
919 3113 991 3166 Ποῖ·
1011 3107 1110 3186 ffibepl
1129 3115 1257 3179 lulffcmt

207 3195 713 3272 ri‘o,0d.1v,14.-Prtv2'9numsuum
754 3192 872 3245 Gravius
907 3191 1083 3266 Dulrerusque
1112 3195 1258 3265 conjiciunt

209 3271 348 3327 Claudium
361 3276 484 3329 Drusum.
497 3275 596 3328 Tiberii
610 3275 714 3330 Claudii
753 3274 900 3344 subruptur-

207 3354 322 3407 Neronis
337 3373 446 3408 uxorem
460 3357 560 3410 Liviam
571 3358 599 3408 in
612 3370 714 3410 sextum
790 3353 814 3404 8.
836 3352 972 3406 Pannonii
983 3353 1080 3408 duobus
1093 3353 1214 3424 saltibus,
1226 3376 1258 3409 ac

207 3451 326 3485 mensem
341 3436 489 3504 gravidam,
508 3437 643 3508 Augustus
662 3437 714 3491 sibi
755 3431 831 3485 tribus
834 3427 943 3510 fluviis,
960 3433 1061 3502 Dravo,
1078 3435 1146 3490 Savo
1158 3435 1257 3489 Histro·

208 3513 298 3581 duxit,
311 3533 367 3587 qurc
378 3531 440 3588 post
454 3532 506 3571 tres
518 3537 621 3572 menses
633 3518 714 3571 Clau·
753 3533 816 3586 que,
829 3525 879 3566 etc.
890 3514 965 3566 Hanc
976 3513 1119 3567 lectionem
1131 3515 1195 3567 olim
1207 3518 1257 3568 im-

208 3595 281 3648 diurn
301 3597 418 3648 Drusum
437 3597 572 3651 Neronem
591 3599 713 3672 peperit,
753 3595 882 3666 pugnavit
891 3594 1043 3662 Salmasius,
1053 3598 1216 3668 optimorum
1224 3595 1258 3648 li·

209 3675 256 3747 qui
266 3674 304 3728 sic
317 3676 452 3746 privignus
462 3679 512 3730 tuit
523 3677 642 3748 Augusti.
753 3672 864 3726 brorum
879 3691 958 3726 suasu
972 3673 1078 3745 legens:
1095 3675 1193 3727 duobus
1206 3672 1258 3727 sal-

245 3751 269 3807 5.
280 3753 450 3806 Druidarum.
460 3754 715 3826 Amplectimurcor·
755 3753 833 3822 ribus,
852 3753 988 3831 ocfluur'r's
1003 3754 1105 3821 Dravo,
1125 3753 1257 3826 Savoque,

208 3836 354 3886 rectionem
369 3833 489 3887 salmasii
500 3833 664 3907 Alpicarum.
756 3831 899 3884 vallantur.
915 3833 996 3884 Recte
1010 3832 1141 3903 abjectum
1157 3845 1197 3886 est
1207 3850 1259 3885 no-

243 3911 271 3963 6.
294 3910 416 3965 claustra.
439 3911 542 3983 Nempe
558 3909 638 3983 Alpes
654 3911 715 3983 llly-
755 3931 817 3964 men
828 3913 931 3979 Histro,
942 3909 1015 3984 quod
1026 3910 1060 3963 ab
1072 3911 1195 3965 omnibus
1208 3932 1258 3985 op-

210 3995 268 4046 ricoe
286 3996 400 4064 regionis
417 3993 491 4065 quasi
508 3990 629 4064 quaedam
642 3989 716 4043 clau·
756 3993 826 4044 timis
847 3991 921 4044 libris
941 3991 1024 4049 abest.
1044 3993 1136 4046 Posset
1153 4007 1179 4046 et
1197 3993 1260 4048 addi

209 4085 262 4124 ttra
274 4085 344 4125 tunt.
357 4101 394 4112 -—
405 4073 525 4145 flerique
532 4080 624 4142 pontes
633 4071 716 4142 impe·
756 4073 909 4125 Pannonios
919 4071 1027 4126 flumine
1034 4075 1124 4128 Histro
1133 4094 1186 4127 non
1196 4093 1260 4126 con-

211 4152 286 4205 ra'ur't.
307 4155 347 4205 lta
363 4151 484 4225 plerique
503 4150 563 4203 libri
582 4151 673 4223 scripti
691 4163 717 4202 et
758 4163 798 4202 tra
816 4153 964 4216 Romanos,
986 4149 1034 4204 sed
1055 4155 1145 4224 potius
1167 4167 1259 4205 contra

214 4229 290 4292 editi3
305 4233 333 4286 in
349 4231 507 4304 quibusdam
521 4243 610 4284 tamen
624 4230 718 4301 legitur
759 4227 825 4282 alios
832 4229 948 4302 populos
956 4229 1197 4302 septemtrionales,
1205 4229 1259 4280 val-

1101 4331 1130 4368 21
