3108 4956
539 537 686 602 trena
708 535 931 604 ruamus.
1197 539 1259 626 273

215 662 414 760 scriptionis
430 657 606 732 hereditas
615 656 702 730 fuit?
714 656 843 731 hostile
851 663 986 758 potius,
1001 687 1046 733 an
1056 659 1159 732 civile
1169 658 1263 734 dixe·

215 780 300 866 rim,
323 777 461 863 nesci03
481 779 617 875 quippe
638 771 736 873 quod
756 776 913 845 Lusitani
931 773 1171 874 Celtiberique
1191 779 1265 847 Ro-

215 918 322 964 mano
339 895 508 990 gesserint
529 890 631 962 duce.
653 888 758 962 Exsul
781 904 816 961 et
839 888 1009 989 profugus
1031 887 1150 964 feralis
1171 889 1296 963 illius2

213 1005 359 1096 tabulae,
381 1010 436 1079 vir
455 1031 600 1078 summae
618 1003 780 1103 quidem,
802 1003 864 1076 sed
883 1003 1093 1079 calamitosae
1111 1011 1265 1096 virtutis,

212 1121 317 1196 malis
331 1127 400 1194 suis
416 1125 529 1195 maria
544 1137 728 1220 terrasque
742 1123 966 1218 permiscuit:
983 1137 1018 1192 et
1029 1121 1106 1220 jam
1120 1120 1265 1213 Africae,

211 1240 288 1339 jam
301 1220 505 1311 Balearibus
521 1235 657 1327 insulis,
676 1235 857 1310 fortunam
872 1251 1052 1332 expertus,
1071 1239 1266 1335 missusque

216 1359 254 1428 in
276 1357 479 1446 Oceanum,
500 1353 783 1450 Fortunatasque
805 1348 933 1423 insulas
954 1355 1171 1450 penetravit:
1191 1367 1269 1423 tan-

218 1468 300 1542 dein
317 1469 526 1566 Hispaniam
544 1469 706 1538 armavit.
722 1467 908 1538 Virorum
923 1469 1006 1537 viris
1022 1463 1125 1537 facile
1142 1490 1268 1539 conve·
1284 1479 1303 1534 ³

218 1589 289 1674 nit;
318 1609 385 1655 nec
408 1580 492 1656 alias
517 1585 630 1683 magis
652 1586 818 1679 apparuit
837 1585 986 1680 Hispani
1009 1581 1128 1654 militis
1150 1585 1268 1681 vigor,

219 1724 328 1798 quam
348 1701 510 1770 Romano
533 1697 635 1769 duce.
660 1698 888 1795 Quamquam
910 1695 969 1769 ille
990 1723 1062 1769 non
1084 1711 1304 1782 contentust

219 1813 408 1910 Hispania,
433 1810 479 1883 ad
504 1809 750 1884 Mithridatem
783 1837 926 1911 quoque
951 1814 1188 1911 Ponticosque
1217 1837 1270 1884 re·

219 1929 350 2024 spexit,
371 1952 565 2027 regemque
587 1925 696 1999 classe
710 1926 820 2026 juvit3
844 1943 878 1999 et
896 1925 984 2026 quid
1001 1926 1161 1999 fututum
1181 1925 1304 1998 luitis

219 2045 300 2114 satis
313 2058 413 2115 tanto
429 2039 523 2116 hosti
540 2069 612 2116 uno
631 2047 849 2142 imperatore
865 2047 1024 2114 resistere
1038 2067 1093 2114 res
1109 2045 1270 2114 Romana

150 2211 151 2216 η
183 2232 186 2239 ,
219 2183 293 2229 non
304 2161 442 2256 potuit:
463 2157 604 2230 additus
619 2155 766 2230 Metello
783 2159 908 2229 Cnaeus
921 2158 1122 2256 Pompeius.
1140 2157 1188 2226 Hi
1205 2182 1271 2226 co-

221 2276 297 2372 pias
318 2276 384 2346 viri
404 2271 486 2365 diu,
511 2289 546 2346 et
567 2277 715 2372 ancipiti
732 2297 874 2370 semper
896 2274 973 2343 acie
994 2275 1179 2359 attrivere3
1202 2295 1269 2342 nec

220 2402 340 2459 tamen
358 2389 456 2486 prius
474 2385 590 2478 bello,
614 2412 724 2486 quam
749 2411 896 2456 suorum
917 2382 1047 2456 scelere
1073 2399 1109 2456 et
1134 2380 1269 2454 insidiis

221 2505 409 2576 exstinctus
424 2517 486 2574 est.
503 2503 634 2602 Copias
647 2501 720 2602 ejus
736 2525 850 2600 prope
866 2515 942 2573 tota
958 2502 1130 2599 Hispania
1146 2524 1269 2597 perse·
1286 2519 1304 2572 6

258 2733 726 2807 2.Piufirqusferolisilliustabuloe.
767 2735 940 2807 Ponticosque
969 2732 1093 2804 respexit,
1134 2747 1270 2802 “temque

220 2810 252 2862 ld
268 2826 322 2878 est,
338 2813 469 2884 profugus
485 2834 533 2886 per
549 2818 727 2890 proscriptio·
766 2811 845 2865 classe
848 2813 930 2882 juvit·
946 2809 982 2863 Et
995 2810 1060 2882 quid
1064 2811 1189 2880 summm
1196 2807 1271 2878 flii?

222 2907 298 2955 nem,
312 2909 390 2962 quam
400 2910 578 2963 proposuerat
591 2895 670 2970 Sylla.
683 2895 728 2946 ln·
766 2891 872 2943 Rudera
888 2890 942 2942 htrc
957 2905 1018 2942 sunt
1034 2891 1119 2954 Flori,
1135 2907 1190 2939 non
1208 2887 1270 2938 Flo·

222 2961 310 3019 soleus
320 2969 427 3038 quidem
437 2968 489 3021 hoc
499 2970 625 3044 loquendi
634 2991 727 3043 genus,
767 2986 811 3019 rus
823 2989 828 3018 ι
842 2970 943 3038 respuit
955 2967 1011 3020 haec
1025 2967 1132 3017 historia
1146 2986 1152 3014 :
1169 2967 1270 3036 respuit

223 3065 383 3120 quamquam
396 3061 484 3101 gamen
493 3052 598 3105 petron,
608 3053 642 3105 (10
654 3052 728 3104 (1100.
768 3043 849 3094 latina
873 3045 1040 3115 compositio.
1071 3043 1100 3093 ln
1128 3045 1270 3114 postremis

223 3127 282 3190 nia,
300 3124 372 3179 ατο-αἰ
383 3125 488 3186 hiemis,
505 3127 598 3190 idest,
616 3144 728 3202 propter
767 3120 873 3194 syllabis
889 3121 963 3173 verbi
980 3122 1088 3194 respexit
1101 3121 1183 3173 latere
1197 3123 1270 3175 vide·

139 3229 142 3237 s
222 3200 344 3255 hiemem,
362 3206 396 3255 At
411 3205 505 3276 gaepjus
519 3219 581 3278 post
595 3205 665 3259 hanc
678 3227 727 3258 vo.
767 3215 810 3253 tur
821 3213 846 3253 et
858 3202 887 3254 si.
907 3201 974 3255 lnde
986 3201 1038 3255 alia
1053 3215 1132 3275 atque
1148 3205 1197 3256 alia
1210 3223 1272 3257 cors

224 3299 280 3333 cem
294 3281 421 3354 pmfupm
437 3285 582 3353 apponitur
597 3287 726 3356 genitivus
767 3283 856 3351 ruptio
868 3294 936 3332 orta.
947 3281 1015 3352 Lege
1026 3301 1128 3332 mecum
1139 3281 1271 3336 conliden-

224 3361 276 3424 rei,
299 3379 378 3432 quam
401 3363 475 3413 inviti
498 3363 589 3416 exsilio
615 3377 641 3416 et
664 3365 726 3436 fuga
766 3374 824 3412 terr
839 3362 875 3412 ud
885 3360 1065 3414 Mithridatem
1079 3383 1181 3438 quoque
1195 3367 1270 3417 Pon-

223 3439 355 3490 amittunt.
378 3441 462 3493 'l'acit
486 3443 582 3496 Annei.
606 3445 665 3511 XV,
692 3461 726 3512 r,
767 3441 877 3514 tirosque
900 3443 1027 3512 περαίη
1050 3453 1074 3495 et
1098 3445 1120 3497 si
1145 3463 1189 3496 rex
1210 3465 1271 3497 eum

226 3539 238 3562 a
248 3518 332 3588 Regni
343 3520 504 3588 profugus·
518 3521 724 3576 -Permr'scuit
765 3520 843 3573 classe
846 3522 970 3594 juvisset,
987 3523 1052 3594 quid
1060 3522 1186 3595 futurum
1192 3525 1272 3598 fuit?

224 3595 353 3666 Implevit.
366 3625 400 3636 -
415 3600 566 3674 Missusque.
583 3601 725 3656 subscribo
766 3601 788 3650 'l'
790 3619 854 3654 irre.
865 3605 925 3655 Non
933 3603 1055 3676 displicet
1064 3608 1271 3678 conjectura.—

223 3675 305 3746 Lipsii
321 3677 479 3745 conjecture
501 3679 611 3750 legentis
632 3683 727 3736 victur·
766 3680 882 3735 Metello.
901 3683 953 3750 Qui
966 3683 1000 3750 Q.
1014 3684 1132 3739 Caecilius
1147 3689 1270 3742 Metellus

224 3774 282 3827 que,
302 3755 447 3810 Probavero
466 3777 523 3811 earn
544 3764 638 3813 merito
656 3765 728 3815 Grae-
767 3764 828 3815 Pius
838 3763 999 3830 vocabatur,
1014 3765 1083 3818 filius
1096 3770 1151 3838 ejus
1166 3772 1210 3841 qui
1224 3773 1271 3822 Ju-

224 3833 282 3884 vius
311 3834 519 3901 stremonius,
543 3843 661 3910 quamvis
684 3840 727 3892 hic
766 3843 1271 3922 qurtliamregemvicit.-Hicopias...

226 3911 355 3982 posterior
364 3913 420 3984 ipse
430 3916 509 3966 etiam
518 3917 678 3986 conjiciebat
679 3917 728 3988 fu
768 3922 893 3974 attrivere.
918 3925 952 3974 lli
977 3925 1068 3996 copias
1091 3927 1198 3981 Sertorii
1216 3931 1272 3983 fm-

224 4007 323 4063 sutque.
342 4019 377 4031 -
398 3991 556 4047 Penetmvit.
580 3997 631 4047 Pro
648 4015 729 4067 pene·
770 4001 912 4072 quentibus
934 4015 960 4056 et
977 4004 1066 4058 dubiis
1084 4009 1179 4079 preliis
1199 4029 1272 4064 com·

226 4071 317 4138 travit,
336 4071 414 4122 Anna
432 4071 509 4124 Fabri
527 4073 589 4144 legit
606 4077 729 4144 tentarat,
770 4083 897 4134 minuere.

227 4148 300 4219 quod
312 4150 477 4202 verissimum
491 4170 523 4203 ex
533 4153 685 4206 Plutarcho.
805 4161 830 4213 6.
844 4163 936 4233 copias
944 4167 1027 4237 ejus...
1037 4167 1202 4223 domuerunt.
1214 4173 1273 4222 Hoc

263 4227 317 4294 4-5.
347 4229 392 4282 Ad
419 4230 599 4285 Mithridatem
626 4251 731 4306 quoquc
771 4239 1019 4312 interpolamentnm
1032 4251 1053 4300 si
1065 4250 1202 4320 effugisset
1211 4268 1273 4301 ocn-

1119 4339 1147 4390 18
