3156 4950
301 550 366 618 252
628 552 665 615 L.
690 551 849 616 Attum
873 552 1019 618 FLORl

301 668 376 744 latu
404 697 467 744 suo
497 685 669 769 praeterea
699 670 874 763 confisus,
900 676 1018 745 occiso
1050 670 1170 771 palam
1195 678 1346 747 comitiis

301 789 439 879 Annio,
470 791 705 887 competitore
731 785 949 881 tribunatus,
978 787 1170 889 subrogare
1200 805 1346 863 conatus

303 920 355 978 est
379 909 416 978 in
440 904 513 1004 ejus
535 903 655 976 locum
679 906 805 977 Gaium
825 903 1048 996 Gracchum,
1069 903 1252 980 hominem
1272 909 1346 978 sine

301 1020 415 1113 tribu,
436 1025 510 1094 sine
532 1024 695 1109 nomine;
719 1018 782 1092 sed
804 1019 946 1094 subdito
968 1019 1090 1113 titulo,
1115 1026 1153 1094 in
1174 1021 1346 1095 familiam
1410 1039 1415 1049 ·

270 1142 273 1151 ’
301 1139 377 1234 ipse
391 1161 427 1209 se
440 1133 644 1234 adoptabat.
660 1136 783 1227 Quum
798 1150 853 1209 tot
867 1138 1044 1237 tantisque
1059 1134 1221 1210 ludibriis
1236 1135 1347 1210 exsul·

270 1301 284 1336 2
302 1264 395 1322 taret
408 1253 572 1348 impune,
588 1248 754 1348 rogandis
769 1247 1016 1324 Gracchorum
1031 1249 1167 1351 legibus
1182 1255 1234 1324 ita
1245 1249 1347 1326 veho

302 1379 441 1438 menter
451 1363 628 1455 incubuit,
643 1381 682 1436 ut
695 1379 854 1436 senatum
867 1391 1011 1465 quoque
1025 1380 1168 1465 cogeret
1184 1370 1222 1438 in
1237 1365 1347 1440 verba
1569 1389 1570 1462 ᾗ

298 1479 438 1579 jurare,
457 1505 568 1579 quum
582 1477 817 1552 abnuentibus
831 1504 924 1581 aqua
938 1497 974 1553 et
989 1484 1063 1580 igni
1076 1479 1347 1554 interdicturum
1458 1461 1469 1474 ³

303 1599 556 1670 seminaretur.
570 1598 668 1670 Unus
679 1609 798 1668 tamen
812 1601 960 1687 exstitit,
972 1601 1035 1697 qui
1043 1597 1165 1671 mallet
1176 1597 1345 1671 exsilium.

304 1713 424 1811 Igitur,
442 1727 521 1810 post
537 1710 674 1784 Metelli
692 1711 831 1811 lugam,
851 1715 950 1784 omni
965 1709 1150 1785 nobilitate
1167 1710 1346 1811 perculsa,

270 1864 287 1917 3
305 1852 416 1928 quum
433 1827 509 1928 jam
532 1830 676 1901 tertium
697 1852 829 1900 annum
851 1826 1110 1920 dominaretur,
1135 1854 1177 1902 eo
1201 1831 1349 1902 vesania

304 1969 508 2044 progressus
534 1962 605 2037 est,
630 1963 671 2018 ut
695 1939 893 2017 consularia
918 1971 1062 2045 quoque
1089 1949 1233 2022 comitia
1256 1969 1349 2018 nova

306 2059 402 2136 caede
419 2058 588 2133 turbaret.
607 2060 752 2159 Quippe
766 2075 806 2132 ut
824 2057 1008 2133 satellitem
1027 2060 1155 2134 furoris
1171 2065 1225 2133 sui
1243 2058 1349 2134 Glau-

271 2211 289 2279 4
306 2179 398 2250 ciam
413 2175 594 2249 consulem
607 2174 760 2265 faceret,
776 2177 902 2248 Caium
914 2177 1126 2250 Memmium
1138 2180 1350 2277 competito·
1443 2159 1447 2167 ¹

305 2316 382 2363 rem
398 2291 549 2364 interfici
560 2289 680 2392 jussit,
698 2307 734 2364 et
749 2294 785 2363 in
803 2316 846 2362 eo
864 2291 1018 2364 tumultu
1032 2317 1153 2394 regem
1167 2319 1211 2367 ex
1224 2291 1349 2366 satelli·

305 2405 398 2480 tibus
414 2411 483 2479 suis
496 2433 534 2480 se
552 2403 771 2506 appellatum
786 2405 885 2478 laetus
899 2412 1049 2507 accepit.
1067 2413 1160 2492 Tum
1176 2434 1260 2482 vero
1273 2409 1350 2509 jum

272 2559 289 2614 5
307 2525 568 2620 conspiratione
589 2537 744 2610 senatus,
768 2527 845 2621 ipso
869 2547 1013 2621 quoque
1029 2522 1105 2621 jam
1127 2525 1242 2596 Mario
1266 2549 1348 2595 con·

306 2636 398 2728 sule,
416 2641 499 2735 quia
515 2643 604 2710 tueri
618 2663 690 2709 non
702 2651 861 2735 poterat,
877 2636 1046 2728 adverso,
1062 2638 1204 2712 directae
1218 2642 1255 2711 in
1268 2638 1348 2711 loro

308 2757 409 2826 acies.
430 2751 602 2851 Expulsus
622 2751 734 2842 inde,
748 2752 965 2851 Capitolium
987 2759 1129 2846 invasit;
1153 2754 1215 2829 sed
1239 2781 1349 2855 quum

273 2910 290 2964 6

310 3060 452 3120 «praterea
462 3044 579 3122 confinis.
589 3050 659 3101 Nam
669 3059 698 3100 ut
708 3067 739 3102 ex
748 3047 806 3100 Plu·
851 3069 911 3103 cum
940 3050 1020 3103 Nonii
1052 3050 1195 3122 subrogare
1225 3049 1347 3102 voluisse.

310 3129 416 3182 nearchi
428 3129 514 3181 Mario
526 3129 666 3195 discimus,
683 3127 807 3181 consula-
848 3132 918 3184 Nam
933 3133 1020 3204 ipsum
1035 3129 1086 3183 sibi
1102 3130 1212 3184 alterum
1230 3127 1349 3181 tribuna-

310 3219 388 3260 ntum
405 3221 507 3259 sextum
525 3207 624 3259 Marius
643 3224 724 3279 opera
738 3225 808 3277 prae-
849 3225 905 3264 turn
918 3211 1039 3284 petiisse,
1052 3223 1077 3264 et
1089 3210 1205 3264 inNonii
1217 3209 1296 3260 occisi
1308 3206 1350 3258 lo-

240 3317 243 3325 ·
310 3287 809 3354 ·sertimGtauciaeetsaturnini,u1r-
848 3309 909 3343 curn
918 3290 1053 3344 tribunum
1062 3291 1233 3354 esselactnm,
1243 3283 1350 3339 tradunt

309 3365 574 3418 «bulentissimorum
582 3365 734 3432 hominnm,
745 3366 809 3419 divi·
849 3388 941 3424 omnes
953 3370 1006 3422 alii.
1019 3367 1119 3422 Deinde
1132 3367 1287 3420 Saturninus
1299 3378 1350 3418 ter-

311 3443 616 3516 ⁸⁸³2rlbu¹impe⁰ussi³‚
625 3441 807 3513 adeptuserat.
850 3453 914 3504 tium
928 3450 1050 3504 tribunus
1060 3449 1144 3523 plebis
1156 3460 1260 3502 creatus
1271 3460 1311 3500 cet
1322 3446 1350 3498 iu

244 3573 248 3576 .,
310 3521 399 3572 ulline
410 3521 565 3574 saturninus
575 3522 651 3572 Mffl'll
661 3521 733 3573 hunc
743 3540 809 3575 cou-
849 3551 951 3585 annum
964 3545 1118 3605 sequentem
1134 3546 1189 3580 una
1202 3547 1263 3582 cum
1281 3525 1349 3582 falso

310 3623 322 3648 ι
332 3599 447 3653 sulatum
457 3613 591 3671 tamquam
599 3620 677 3654 suum
687 3600 810 3654 couside-
848 3611 894 3664 5110
904 3611 1035 3664 Graccho,
1045 3611 1161 3682 Appiam
1172 3607 1247 3661 (livit,
1257 3610 1278 3672 1,
1288 3606 1349 3677 369.

310 3679 426 3747 «rabat,
448 3681 547 3753 quippe
570 3699 647 3752 wem
668 3678 707 3732 illi
727 3699 808 3752 opera
849 3687 1350 3744 Dmbflominemsiraetribudloc

311 3785 322 3810 ι
332 3781 379 3816 sua
385 3775 530 3837 paraverat.
540 3786 550 3810 n
559 3763 642 3836 Sagen
649 3781 758 3834 prorsus
766 3781 809 3816 ex·
848 3775 1007 3828 estservum,
1017 3773 1142 3814 utentem
1150 3762 1288 3832 scriptores
1295 3757 1352 3828 qni-

307 3841 433 3914 plicotio,
447 3856 473 3896 et
482 3861 556 3910 vera,
566 3855 595 3895 ut
607 3841 685 3896 nobis
696 3841 806 3896 ridetur.
848 3840 909 3893 dam
923 3840 1045 3910 tradunt,
1056 3841 1205 3912 fugitivum.
1215 3868 1251 3881 -
1259 3839 1293 3889 In
1301 3835 1351 3908 fa-

308 3953 344 3962 -
361 3925 459 3976 Aonio.
478 3926 563 3978 Tanta
584 3920 636 3974 boc
654 3923 682 3972 in
704 3923 808 3974 nomine
848 3919 960 3974 mittam.
981 3919 1162 3976 Gracchorum
1186 3917 1295 3986 scilicet.
1316 3945 1352 3956 —

308 4003 437 4070 varietas,
460 4015 490 4054 ut
510 4001 576 4055 nihil
597 4004 663 4054 certi
684 4003 809 4055 constitui
852 4000 932 4054 Unus.
942 3999 1064 4054 Metellus
1072 3997 1351 4052 Numidicus-Con·

308 4085 401 4154 possit.
417 4113 454 4124 -
469 4083 559 4136 Caium
576 4082 729 4136 Gracchum.
745 4081 808 4135 Flo·
848 4078 944 4132 salaria
958 4081 1073 4134 comitia.
1085 4080 1187 4150 Nempe
1199 4096 1230 4131 ea
1245 4075 1349 4129 comitia

309 4183 354 4218 rus
368 4181 423 4216 non
441 4178 511 4217 recte
529 4163 620 4217 scribit
638 4164 807 4217 Saturninum
849 4179 907 4232 qun
924 4159 957 4212 ad
971 4158 1148 4214 nominandos
1162 4157 1285 4210 consules
1300 4153 1350 4208 ba-

308 4243 474 4298 subdititiurn
486 4241 558 4296 hunc
569 4243 717 4298 Gracchum
730 4245 758 4296 in
768 4245 807 4296 lo·
847 4241 987 4294 bebontur.
