3102 4942
229 575 233 579 Ι
315 495 355 557 38
574 445 1066 558 *INDEX1EDlTlONUM

435 615 608 676 ePalatinse
627 615 703 676 olim
724 615 925 678 Bibliothecae
948 617 1176 691 uazarianum,
1201 637 1264 698 quo
1288 639 1360 678 usus

435 739 449 768 ιι
459 735 528 774 sum
541 715 574 774 in
587 713 679 774 Floro
691 714 895 789 recensendo,
906 728 936 774 et
949 713 1013 795 ejus
1027 735 1120 797 opera
1133 715 1310 776 innumeras
1324 737 1360 776 ex

434 837 448 866 u
459 826 583 872 anmore
592 810 720 872 mendas
729 812 883 874 sustulisse
893 815 1029 873 memini.
1039 839 1053 868 s
1062 811 1119 874 Sed
1130 835 1179 874 ees
1189 826 1258 897 post
1267 817 1359 874 etiem

432 909 644 994 locupletiores
657 911 732 971 fecit
745 911 858 992 (bugd.
872 914 903 972 B.
918 911 1009 988 1656)
1024 914 1083 986 ita,
1096 925 1131 972 ut
1146 933 1259 994 pamm
1274 913 1306 972 iu
1323 914 1360 971 iis

431 1023 579 1070 mutaret:
593 1008 686 1091 louge
700 1031 792 1092 supra
806 1011 977 1091 superiores
991 1009 1122 1071 editores
1135 1010 1174 1070 de
1190 1010 1282 1072 Floro
1296 1031 1360 1070 me·

433 1121 519 1167 ritus.

435 1205 535 1286 bugd.
549 1207 582 1266 in
596 1227 658 1287 qua
673 1204 745 1266 libri
762 1219 896 1288 quatuor
911 1219 984 1266 sunt
999 1227 1070 1268 cum
1085 1205 1168 1265 notis
1180 1204 1228 1265 El.
1239 1206 1359 1278 Vineti,

432 1305 482 1364 Jo.
506 1304 668 1379 Camenis,
689 1304 769 1364 Justi
790 1304 887 1386 Lipsii
910 1317 941 1364 et
960 1305 1032 1363 Jani
1053 1303 1193 1362 Gruteri:
1218 1301 1360 1383 Epitomc

432 1403 513 1462 Livii
525 1415 629 1462 autem
641 1423 711 1462 cum
725 1403 807 1462 notis
820 1404 890 1464 Cer.
902 1401 1020 1483 Sigonii
1032 1415 1063 1462 et
1075 1401 1166 1462 Mart.
1176 1399 1283 1460 Delrii.

316 1543 427 1558 .......
435 1500 471 1558 ln
485 1500 605 1583 Scriptt.
624 1498 693 1559 hist.
712 1501 800 1560 Rom.
819 1498 872 1559 lat.
886 1512 945 1560 vet.
960 1499 1091 1560 Aureliae
1106 1498 1225 1559 Allobr.
1242 1519 1290 1580 ep.
1308 1500 1362 1557 Pe-

435 1610 519 1656 trum
533 1596 569 1656 de
581 1595 609 1656 lo
621 1599 748 1658 Iloviere.
763 1618 780 1656 α
793 1596 867 1656 roll.
880 1598 955 1657 in·8.

319 1695 388 1752 1611
436 1694 620 1754 Gruteriana
639 1693 677 1755 ll.
696 1697 741 1755 Ex
756 1715 812 1756 rec.
830 1707 861 1754 et
874 1715 945 1754 cunr
962 1696 1044 1754 notis
1059 1695 1133 1754 dani
1147 1693 1281 1754 Gruteri.
1300 1693 1362 1751 lla-

435 1811 508 1851 nov.
526 1791 582 1853 fol.
597 1813 669 1852 cum
689 1790 759 1852 hist.
778 1794 855 1874 Aug.
875 1793 999 1875 Scriptt.
1014 1793 1163 1852 Gruterus
1182 1790 1240 1852 hae
1258 1791 1291 1849 in
1313 1789 1361 1849 ed.

436 1908 508 1949 usus
528 1902 573 1950 est
589 1891 652 1950 MS.
671 1891 780 1951 Nazar.
803 1903 833 1950 et
853 1891 976 1952 duobus
991 1890 1157 1963 Palatinis3
1178 1901 1208 1948 et
1224 1888 1362 1948 animad-

435 1988 586 2048 versiones
597 1989 719 2070 scripsit
729 1986 893 2068 longiores.

321 2083 394 2142 1612
439 2085 518 2144 Cum
533 2105 646 2146 comm.
662 2087 690 2144 J.
702 2085 808 2146 Stadii.
823 2085 937 2146 Colon.
950 2085 1139 2166 Agr.,in·12.

320 2182 394 2242 1615
437 2184 515 2246 Cum
529 2182 600 2244 hist.
612 2186 703 2245 Rom.
715 2185 831 2265 scriptt
844 2181 969 2244 Amstel.
984 2184 1073 2256 1615,
1087 2184 1179 2244 itt-16.

322 2280 397 2359 1619
437 2280 516 2341 Cum
528 2303 642 2342 comm.
655 2282 703 2341 Jo.
719 2280 823 2342 Stadii.
838 2280 980 2356 Ursellis,
996 2282 1069 2342 ins.

318 2377 395 2435 1623
436 2378 472 2437 ln
484 2379 592 2460 Script.
607 2377 678 2439 hist.
690 2381 780 2439 Rom.
792 2376 846 2438 lat.
859 2394 915 2439 vet.
932 2379 1083 2453 Genesar,
1095 2376 1199 2438 irs-fol.

324 2474 397 2533 1625
439 2476 518 2534 Cum
530 2474 601 2536 hist.
615 2477 702 2537 Rom.
718 2477 833 2559 scriptt.
846 2476 969 2536 Amstel.
981 2497 1031 2558 ap.
1044 2477 1192 2549 Coesium,
1206 2472 1302 2546 iuni.

321 2571 398 2631 1626
440 2570 1363 2656 CumnotislsaaeiPontani.Amstel.ep.Hond.,in·2lp.Pon-

437 2683 528 2730 tenus
545 2673 718 2754 exemplum
730 2672 885 2733 Stadianae
897 2673 925 2732 11
938 2675 1001 2732 sive
1011 2672 1055 2731 lll
1066 2685 1185 2731 secutus
1199 2682 1251 2729 est.

322 2767 396 2849 1627
437 2769 517 2828 Cum
532 2771 614 2828 notis
625 2771 770 2830 Pontani.
781 2774 876 2830 Amst.

320 2865 396 2927 1632
438 2867 517 2926 Cum
529 2869 610 2928 notis
621 2869 767 2928 Pontani.
780 2869 875 2928 Amst.

317 2965 484 3025 .......Ex
507 2985 567 3025 rec.
593 2965 637 3024 M.
661 2965 761 3026 Zuerii
783 2963 961 3027 Boxhornii.
986 2963 1084 3044 bugd.
1109 2965 1174 3022 Bat.
1199 2983 1248 3044 ap.
1276 2962 1362 3042 Bap't.

439 3065 550 3136 Molee,
562 3063 657 3123 inus.

320 3161 396 3228 1633
439 3165 519 3222 Cum
531 3161 610 3222 obss.
622 3161 754 3244 politicis
767 3163 914 3238 maxime,
927 3159 1038 3221 moral.
1051 3158 1121 3219 hist
1133 3172 1164 3218 et
1175 3155 1283 3238 philol.
1299 3157 1363 3215 Jac.

439 3259 591 3318 Zevccotii
606 3260 676 3340 (qui
691 3271 808 3320 textum
823 3259 1044 3318 Gruterianum
1061 3254 1281 3316 Comelinianae
1294 3255 1308 3313 1
1320 3273 1366 3311 re-

438 3356 545 3434 cepit).
559 3354 776 3430 Harderovici,
790 3357 883 3414 iuna.

350 3551 356 3578 ²
425 3550 549 3614 uras
572 3551 611 3612 v.
637 3548 1030 3616 enniusunumust
1052 3519 1258 3614 issa-16s0.

476 3745 717 3820 Freinshemius,
727 3769 825 3830 quum
832 3745 955 3827 juvenis
964 3761 1053 3820 esset,
1064 3747 1141 3806 adeo
1151 3743 1281 3804 feliciter
1290 3755 1366 3799 trac-

319 3847 321 3854 '
437 3845 515 3903 tavit
523 3835 665 3922 Florum,
676 3858 711 3905 ut
720 3847 775 3906 etsi
785 3866 851 3906 nou
861 3848 920 3906 uisi
929 3847 1022 3906 unius
1031 3843 1153 3907 Codicis
1163 3842 1224 3902 MS.
1235 3859 1306 3900 cum
1316 3837 1363 3898 ed.

442 3943 517 4004 1510
528 3943 632 4004 collati
647 3945 809 4027 excerptis,
822 3959 852 4004 et
862 3947 1002 4026 priorum
1016 3944 1186 4013 editorum,
1199 3937 1365 4008 Camertis,

435 4042 544 4119 Stadii,
557 4041 679 4104 Gruteri
691 4057 721 4104 et
731 4042 870 4103 salmasii
883 4045 964 4104 curis
976 4057 1121 4116 uteretur,
1134 4053 1236 4098 tamen
1248 4035 1364 4116 ingenii

438 4137 579 4218 etjudicii
588 4141 731 4202 facultate
739 4141 943 4202 etsubtilitate
953 4143 1053 4222 primo
1061 4137 1157 4199 multa
1164 4140 1235 4197 vitia
1246 4133 1362 4215 reliqua
