3142 4938
521 487 665 550 LIBER
688 485 881 550 PRIMUS.
1165 508 1216 550 tat

181 615 275 684 eirca
300 613 399 709 quasi
421 607 562 681 host-ilia
585 612 684 709 gravi
709 612 838 680 timore
861 611 1077 706 permiscuit.
1100 610 1152 679 Ae
1175 613 1223 680 sic
1245 621 1275 674 1³

181 725 426 816 eaedem'ferae,
442 751 521 825 quae
540 721 694 824 primam
715 729 901 798 victoriam
922 723 1156 814 abstulerant,
1171 737 1226 797 se·

180 843 334 916 cundam
358 869 483 943 parem
508 842 685 933 fecerent,
712 846 852 914 tertiam
880 845 954 914 sine
985 845 1225 914 controversia

180 958 368 1032 tradidere.
712 963 715 977 ¹

228 1074 302 1145 Nec
317 1099 402 1146 vero
418 1087 556 1146 tantum
572 1076 695 1160 armis,
718 1088 754 1143 et
769 1075 806 1142 in
826 1075 976 1169 campis,
996 1070 1059 1143 sed
1075 1070 1226 1144 consiliis
1247 1083 1279 1149 ¹4

181 1214 324 1286 quoque
338 1205 374 1260 et
392 1187 491 1260 domi
507 1192 601 1260 intra
613 1185 751 1258 Urbem
770 1211 853 1258 cum
870 1212 953 1285 rege
967 1183 1105 1285 Pyrrho
1126 1185 1227 1258 dimt

181 1319 299 1375 catum
312 1318 372 1376 est.
386 1305 532 1402 Quippe
542 1319 624 1402 post
632 1306 784 1401 primam
794 1305 981 1374 victoriam
994 1327 1055 1374 rex
1068 1299 1226 1391 callidus,

181 1418 359 1492 intellecta
383 1422 514 1491 virtute
536 1422 717 1508 Romana,
738 1421 855 1490 statim
877 1418 1078 1516 desperavit
1105 1421 1226 1507 armis,

181 1545 289 1633 seque
313 1535 359 1607 ad
384 1533 486 1606 dolos
509 1533 667 1607 contulit.
687 1537 779 1606 Nam
804 1539 1010 1608 interemtos
1037 1538 1226 1623 cremavit;
1249 1548 1280 1600 15

183 1654 413 1749 captivosque
422 1649 790 1750 indulgenterhabuit,
801 1667 836 1723 et
848 1656 922 1724 sine
933 1655 1050 1749 pretio
1060 1653 1226 1724 restituit:

180 1766 364 1862 missisque
375 1761 504 1836 deiude
516 1762 639 1862 legatis
649 1767 685 1836 in
694 1763 957 1853 Urbem,omni
965 1762 1075 1837 modo
1087 1763 1228 1836 adnisus

63 1869 81 1890 ⁸
182 1894 251 1968 est,
273 1893 330 1970 ut,
353 1876 448 1952 facto
465 1878 616 1968 foedere,
640 1883 677 1952 in
698 1882 890 1952 amicitiam
911 1883 1141 1976 reciperetur.
1159 1878 1228 1950 Sed
1251 1890 1281 1941 16

182 1991 276 2066 bello
299 2010 335 2065 et
355 2020 461 2092 pace,
479 1993 566 2068 foris
589 2010 625 2067 et
641 1994 756 2085 dorni,
778 2021 923 2067 omnem
943 1997 980 2065 in
1000 2010 1141 2091 partem
1158 1997 1229 2065 Ro·

181 2133 287 2179 mana
298 2111 407 2180 virtus
423 2124 500 2180 tum
514 2135 550 2181 se
565 2107 797 2207 approbarim
813 2135 879 2180 neo
894 2106 964 2180 alia
974 2111 1103 2205 magis,
1122 2133 1242 2205 mam,

181 2223 374 2294 Tarentina
385 2227 552 2312 victoria,
565 2221 719 2294 ostendit
735 2220 860 2321 populi
878 2225 1031 2293 Romani
1046 2219 1229 2292 fortitudi-

182 2363 285 2424 nem,
314 2353 453 2410 senatus
477 2343 701 2437 sapientiam,
731 2337 865 2412 ducum
889 2341 1226 2437 magnanimitatem.

183 2456 341 2546 Quinam
368 2453 419 2526 iili
439 2453 582 2527 fuerunt
605 2461 686 2546 viri,
714 2483 802 2556 quos
828 2454 883 2528 ab¹
898 2454 1094 2554 elephantis
1111 2461 1228 2554 primo
1251 2486 1281 2539 ¹⁷

184 2569 306 2668 proelio
334 2569 483 2644 obtritos
500 2572 720 2671 accepimus?
742 2577 903 2645 omnium
924 2571 1071 2645 vulnera
1090 2575 1127 2642 in
1145 2597 1231 2669 pec·

185 2701 280 2757 tore:
300 2684 446 2783 quidam
460 2682 619 2759 hostibus
631 2691 701 2760 suis
712 2690 913 2760 immortui:
928 2691 1091 2758 omnium
1102 2689 1139 2754 in
1150 2711 1228 2756 ma-

184 2798 287 2870 nibus
311 2825 429 2888 enses,
456 2814 491 2869 et
515 2799 644 2872 relietae
670 2805 706 2872 in
723 2800 879 2874 vultibus
902 2803 1020 2887 minae,
1042 2814 1077 2870 et
1098 2803 1135 2870 in
1155 2802 1231 2896 ipsa

186 3003 262 3056 editt.
275 3002 453 3054 vindicatura:
466 3019 520 3053 non
530 3003 598 3055 maie
610 3005 633 3055 si
646 3003 689 3054 iir-
727 3004 936 3075 gratularentur,
944 3000 1232 3070 ssidenno,inquit,ite

185 3093 270 3132 maret
286 3081 445 3150 scriptorum
458 3079 580 3131 codicum
597 3095 690 3132 auoto-
729 3084 886 3147 vicerimus,
905 3093 993 3130 aetum
1010 3078 1043 3131 de
1057 3076 1135 3130 nobis
1151 3080 1229 3130 erit.-

187 3161 260 3212 ritas.
277 3189 313 3198 -
331 3157 412 3212 Gravi
430 3159 529 3210 timore.
548 3159 590 3212 Sic
609 3157 691 3212 hahet
729 3156 1234 3226 sonusr,t›txoumurt'rtesotreunt-

186 3239 240 3292 MS.
251 3240 398 3292 Vossianus
410 3239 435 3292 3.
449 3238 566 3307 Quidam
577 3237 636 3290 iibri
648 3258 690 3292 os·
729 3240 847 3305 versetis,
855 3243 895 3292 1re
901 3239 999 3310 partie,
1011 3238 1234 3310 Vrttmespoque:

187 3316 298 3368 tendunt
311 3319 388 3390 pravi
401 3318 485 3384 mole,
498 3336 579 3390 quarn
596 3317 690 3370 lectio-
733 3321 782 3373 :Il
801 3333 930 3390 rstnpona
950 3330 1038 3370 contre
1058 3317 1094 3368 ies
1110 3319 1234 3372 Romaim

187 3413 246 3447 nem
257 3398 383 3466 expressit
391 3395 527 3461 Dukerus,
537 3396 689 3469 probatque
729 3401 771 3453 des
783 3401 897 3452 victoira
905 3398 952 3469 qui
962 3395 986 3448 ie
997 3396 1160 3448 reiecisset·
1213 3439 1216 3447 .

186 3476 266 3526 Tmrs
277 3475 499 3545 postSsimasium
512 3489 538 3528 et
547 3475 687 3528 Graevium.
768 3495 808 3549 ¹7·
823 3479 933 3548 Quidam
947 3476 1057 3528 hostibus
1067 3475 1119 3528 suis
1131 3477 1234 3528 immor·

225 3553 267 3605 13.
287 3554 429 3606 Secundam
450 3573 540 3628 parem
557 3554 688 3627 fecerant.
729 3559 774 3610 tui.
783 3561 869 3627 Quam
882 3555 960 3610 dulce
972 3557 1006 3608 sit
1017 3563 1100 3627 snper'
1111 3556 1234 3608 intertec-

187 3636 271 3686 lrnrno
289 3651 321 3683 es
338 3631 372 3683 ad
389 3634 515 3704 Pyrrhum
533 3637 616 3706 magis
634 3637 689 3688 visa
730 3650 817 3690 torum
840 3636 957 3690 hostium
980 3653 1097 3707 corpora
1108 3636 1234 3688 ,animem

188 3727 227 3766 est
247 3712 391 3778 inclinare,
408 3731 489 3784 quum
506 3716 688 3768 Romanorum
729 3717 867 3783 exhalare,
884 3717 937 3769 hoe
949 3733 1026 3768 versu
1045 3716 1234 3786 exprimitMi-

188 3813 234 3847 sex
251 3793 331 3847 millis
346 3792 505 3859 reciderint,
520 3809 546 3846 et
564 3813 594 3847 ex
612 3810 688 3868 parte
729 3795 874 3860 thridates,
892 3793 963 3865 spnd
979 3807 1101 3844 nostrum
1117 3795 1234 3859 uscire,

187 3871 281 3945 Pyrrhi
299 3875 348 3925 tria
365 3884 391 3925 et
407 3873 545 3945 quingenti
562 3875 688 3943 quinque.
730 3873 900 3938 Mithridate,
910 3885 961 3924 aet.
973 3871 1007 3937 V,
1019 3889 1052 3923 se.
1067 3869 1100 3922 5.-

188 3949 690 4006 sunnon-stneconrroventa.sine

189 4029 261 4084 onds
273 4043 300 4082 st
311 4031 425 4101 pulvere.

228 4109 690 4182 td-Mfflmritunnis.Quumenim
730 4105 883 4158 -fleis'etoe
896 4104 923 4154 in
936 4103 1152 4172 vultibusmr'ttoe,
1166 4117 1191 4156 et
1207 4107 1235 4154 iu
1333 4143 1336 4150 .

178 4186 298 4258 ,Pyrrbo'
305 4189 421 4258 priorem
434 4188 571 4240 victoriam
583 4185 691 4260 quidam
732 4187 786 4257 ipsa
796 4193 878 4238 morte
887 4185 925 4236 ira
936 4183 1043 4236 rivebm.
1051 4197 1054 4204 “
1063 4183 1159 4235 Junior
1172 4200 1236 4252 poe·

730 3985 1234 4047 J'exptreenvtmnne‘dtnnemtsqujtmnote.
