3156 4950
297 529 359 594 236
549 537 564 556 ‘
620 532 656 595 1..
680 531 840 594 ANNAEI
863 530 1009 596 FLORl

295 670 364 742 tes,
381 679 448 752 pro
464 658 622 754 gentium
635 652 868 752 locorumque
882 670 1017 726 natura.
1037 654 1224 753 Aquitani,
1243 654 1338 728 ealli-

295 767 382 840 dum
393 794 520 868 genus,
536 775 571 840 in
584 767 767 866 speluncas
780 795 817 842 se
830 768 1067 867 recipiebant:
1077 769 1179 867 jussit
1191 767 1334 842 includi.

262 911 276 964 7
294 885 427 954 Morini
449 881 697 955 dilabebantur
719 888 755 954 in
778 882 879 955 silvas
897 909 904 952 :
923 883 1027 983 jussit
1045 882 1197 955 incendi.
1223 885 1336 955 Nemo

294 1011 432 1068 tantum
448 995 585 1070 feroces
600 997 727 1070 dixerit
741 996 882 1072 Gallos:
898 996 1082 1069 fraudibus
1096 1012 1213 1096 agunt.
1231 996 1338 1068 Indu·

295 1118 470 1186 ciomarus
494 1115 678 1202 Treviros,
701 1113 885 1186 Ambiorix
909 1119 1120 1187 convocavit
1140 1111 1335 1186 Eburones.

294 1231 461 1330 Utrique,
478 1229 621 1304 absente
636 1233 772 1304 Caesare
785 1233 1029 1324 coniuratione
1043 1230 1155 1318 facta,
1171 1234 1339 1302 invenere

260 1343 438 1443 8legatos.
463 1344 534 1417 Sed
556 1344 614 1418 ille
640 1345 781 1420 fortiter
802 1372 823 1418 a
847 1344 1034 1418 Dolabella
1058 1345 1242 1417 submotus
1265 1359 1336 1432 est,

293 1459 517 1561 relatumque
534 1467 624 1562 regis
642 1480 767 1560 caput:
788 1462 865 1554 hic,
882 1461 1015 1535 insidiis
1033 1466 1071 1532 in
1088 1459 1178 1533 valle
1193 1459 1337 1558 disposi-

293 1579 355 1666 tis,
382 1575 465 1649 dolo
486 1577 648 1675 perculit}
671 1579 793 1678 ltaque
818 1595 853 1650 et
879 1594 994 1650 castra
1017 1577 1157 1675 direpta
1182 1591 1279 1666 sunt,
1304 1591 1339 1648 et

294 1717 421 1764 aurum
441 1690 609 1766 ablatum.
633 1697 775 1767 Cottam
792 1720 874 1766 cum
893 1696 1033 1765 Titurio
1052 1691 1183 1765 Sabino
1204 1691 1338 1791 legatos
1401 1709 1406 1724 “

293 1806 344 1879 ibi
358 1813 547 1881 amisimus.
560 1813 634 1882 Nec
649 1809 720 1885 ulla
733 1809 779 1883 de
794 1837 876 1910 rege
888 1837 971 1882 mox
987 1807 1093 1898 ultio,
1111 1813 1245 1908 quippe
1258 1834 1339 1906 per-

258 1955 276 2009 9
293 1940 401 2021 petua
416 1940 512 1996 trans
528 1923 692 1998 Rhenum
703 1924 788 2026 fuga
802 1925 913 1998 latuit.
929 1927 1005 1998 Nec
1019 1922 1160 1997 Rhenus
1175 1948 1259 2022 ergo
1274 1927 1339 1993 im·

293 2043 426 2128 munis;
448 2065 513 2111 nec
538 2045 633 2114 enim
653 2040 706 2113 fas
729 2056 822 2131 erat,
847 2057 887 2112 ut
909 2039 1113 2112 liberasset
1135 2052 1339 2134 receptator

294 2149 448 2226 bostium
463 2171 568 2255 atque
583 2156 759 2230 defensor.

244 2308 276 2345 ιο
342 2269 412 2341 Sed
423 2277 540 2369 prima
551 2291 674 2347 contra
686 2275 883 2348 Germanos
892 2271 984 2345 illius
995 2296 1130 2372 pugna,
1141 2270 1339 2370 justissimis

294 2384 439 2482 quidem
452 2415 493 2458 ex
507 2395 645 2461 caussis.
660 2391 764 2462 AEdui
778 2395 871 2462 enim
885 2388 930 2461 de
942 2385 1201 2464 incursionibus
1214 2411 1337 2457 eorum

245 2538 272 2572 tt
294 2499 544 2596 querebantur.
568 2509 657 2599 Quae
683 2507 848 2577 Ariovisti
871 2503 1059 2604 superbia?
1085 2504 1204 2593 Quum
1231 2498 1336 2597 legati

294 2613 471 2709 dicerent,
493 2624 610 2693 «Veni
625 2621 671 2694 ad
686 2625 905 2696 Caesaremzn
932 2623 1047 2712 «Quis
1062 2635 1113 2692 est
1127 2633 1246 2689 autem
1263 2617 1337 2688 Cae·

182 2767 186 2777 ·
294 2729 394 2800 sari„
421 2748 473 2823 et,
503 2737 564 2807 «Si
587 2735 679 2827 vult,
703 2742 865 2827 veniat,n
896 2740 1033 2835 inquit:
1061 2751 1113 2824 et,
1142 2729 1264 2820 “Quid
1290 2729 1336 2802 ad

294 2841 411 2936 illum,
427 2847 515 2946 quid
529 2867 609 2949 agat
621 2869 739 2923 nostra
752 2849 965 2924 Germania?
979 2875 1065 2920 num
1078 2873 1143 2945 ego
1160 2871 1218 2929 me
1230 2847 1338 2915 inter·
1374 2930 1381 2950 .

245 3006 277 3042 ια
293 2984 390 3058 pono
409 2967 596 3038 Romanis?
607 3002 621 3032 a
643 2970 767 3066 ltaque
786 2982 900 3039 tantus
919 2969 1031 3064 gentis
1048 2987 1150 3034 novae
1168 2976 1284 3031 terror
1302 2963 1338 3029 in

295 3082 434 3170 castris,
452 3097 492 3152 ut
509 3099 718 3156 testamenta
735 3088 865 3182 passim
882 3086 989 3154 etiam
1005 3083 1041 3152 in
1057 3080 1240 3177 principiis
1254 3077 1338 3146 scri-

295 3317 362 3365 uus,
377 3314 442 3352 astu
458 3303 611 3372 recedente,
628 3325 656 3358 se
668 3307 738 3360 bello
753 3309 795 3359 in·
836 3305 969 3378 dispositis
987 3301 1100 3364 insidiis,
1118 3295 1193 3350 clade
1208 3295 1335 3367 perculit,

297 3388 435 3449 terponere
446 3381 586 3435 videretur.
836 3396 974 3456 castraque
981 3381 1098 3454 diripuit,
1105 3391 1155 3430 etc.
1162 3376 1337 3428 -Etnurum

331 3455 358 3507 li.
375 3459 482 3510 Morini.
496 3460 576 3530 Belgii
588 3463 689 3534 populi.
836 3452 968 3517 ablatum:
991 3465 1105 3527 Cottam,
1120 3471 1169 3510 etc.
1188 3458 1338 3509 Perizonius

331 3550 356 3602 7.
377 3535 501 3589 Treuiros.
517 3539 606 3592 Galliae
622 3542 731 3612 Belgicae
746 3561 796 3614 po·
835 3544 879 3596 hic
898 3563 930 3595 ex
947 3544 1104 3596 auctoritate
1123 3537 1232 3590 Caesaris
1251 3538 1337 3608 legere

295 3614 361 3685 puli.
379 3643 412 3654 -
428 3616 570 3670 Eburones.
586 3620 675 3672 Gallia
689 3621 796 3691 Belgicae
836 3623 900 3690 vult,
908 3633 934 3673 et
940 3619 1145 3675 Aurunculeium
1156 3621 1268 3682 Cottam,
1277 3628 1336 3682 ete,

294 3693 384 3746 itidem
394 3695 496 3768 populi.
504 3699 604 3750 Horum
613 3701 686 3770 regio
696 3698 797 3753 Gallice
837 3706 880 3756 cui
893 3704 1051 3756 correctioni
1064 3700 1178 3752 adsentit
1187 3696 1314 3750 Dulierus.

296 3787 404 3828 vocatur
415 3776 500 3848 Libye.
541 3783 543 3790 ’
872 3801 897 3852 9.
916 3783 1056 3834 immunis.
1069 3782 1186 3830 intactus
1197 3773 1276 3827 bello.

338 3857 362 3907 8.
389 3855 536 3909 Dolabella.
562 3860 646 3911 Caesar
670 3857 795 3910 Dolabel·
874 3878 914 3916 ιο.
934 3863 1022 3914 AEdui.
1045 3859 1131 3912 Hodie
1153 3856 1188 3910 les
1208 3853 1338 3928 Bonrqui·

296 3935 349 3987 lam
360 3957 490 4011 nusquam
505 3943 574 3994 inter
584 3959 646 3994 suos
659 3954 794 3992 numerat:
833 3961 926 4016 quens.

295 4019 441 4087 conjiciunt
455 4022 607 4074 Labienum.
621 4053 657 4063 -
670 4020 794 4074 Perculit.
874 4039 912 4076 rt.
935 4025 999 4094 Quae
1013 4021 1137 4074 Ariovisti
1151 4018 1288 4091 utpcrbin?
1305 4015 1336 4064 Et

296 4100 346 4149 Pro
362 4100 493 4171 perculsus
505 4102 578 4172 fuit,
599 4105 685 4174 inquit
703 4107 792 4164 Anna,
835 4118 905 4155 certe
917 4101 1050 4154 laudanda
1063 4099 1198 4171 superbia.

295 4177 374 4230 Fabri
391 4177 463 4228 lilia:
480 4182 647 4250 graviuimus
664 4200 747 4242 error3
769 4196 794 4234 ct
873 4199 911 4234 12.
934 4181 1147 4232 Testamenta...
1163 4178 1334 4230 scriberentur.

294 4277 354 4312 vare
371 4257 477 4336 quidem
494 4259 628 4312 Ambiorix
646 4259 792 4324 Romanius,
834 4252 1337 4322 llacdereNostrnsPaun,innotissuae
