3156 4950
318 509 377 592 164
639 509 676 571 n.
699 506 860 572 annai
884 499 1030 571 anoni

259 650 294 704 52
312 661 385 724 ces,
404 637 501 734 signa
517 647 748 706 converterat,
764 633 899 722 Tanto,
917 629 956 702 id
972 645 1039 722 est,
1055 635 1171 722 omni,
1190 655 1262 730 qna
1277 628 1359 703 lon-

310 753 451 849 gissima
472 747 592 836 ltalia,
619 745 695 820 solo
720 745 972 845 interjacente,
994 771 1068 844 quo
1097 743 1265 834 consilio,
1287 771 1360 846 qua

310 862 507 954 celeritate,
525 861 686 936 consules
707 876 823 935 castra
841 860 1103 960 conjunxerint,
1120 865 1360 960 inopinanter·

310 1006 380 1079 que
386 978 526 1052 hostem
534 976 669 1050 collatis
683 981 787 1077 signis
802 979 1094 1075 compresserint,
1104 1003 1220 1076 neqne
1231 975 1271 1049 id
1280 976 1360 1049 fieri

258 1109 292 1161 53
310 1095 462 1169 Annibal
479 1097 640 1182 senserit,
655 1090 801 1164 difficile
818 1090 917 1164 dictu
934 1107 996 1164 est.
1015 1094 1120 1165 Certe
1131 1090 1304 1184 Annibal,
1320 1119 1359 1166 re

310 1213 466 1309 cognita,
481 1234 593 1308 quum
613 1205 814 1306 projectum
835 1204 954 1279 fratris
970 1222 1080 1304 caput
1094 1206 1146 1279 ad
1166 1233 1228 1280 sua
1244 1224 1359 1281 castra

308 1325 467 1415 vidisset,
480 1327 683 1424 «Agnosco,
696 1327 826 1422 inquit,
838 1318 1083 1419 infelicitatem
1098 1320 1352 1422 Carthaginien

309 1443 394 1514 Ha'ec
406 1439 474 1513 tuit
487 1439 578 1512 illius
590 1443 672 1528 viri,
685 1464 758 1512 non
772 1443 847 1510 sine
861 1441 1031 1537 praesagio
1044 1438 1203 1538 quodam
1216 1437 1280 1511 fati
1294 1443 1357 1512 im·

257 1572 293 1640 54
309 1560 489 1645 minentis,
504 1559 620 1654 prima
637 1553 823 1627 confessio.
841 1555 923 1625 Jam
941 1568 1079 1624 sermm
1099 1568 1191 1643 erat,
1204 1553 1357 1627 Anniba·

308 1669 379 1743 lem
391 1675 497 1745 etiam
508 1675 617 1769 ipsius
628 1666 851 1742 confessione
863 1694 967 1766 posse
977 1673 1089 1742 vinci:
1102 1667 1164 1742 sed
1176 1685 1357 1744 totrerum

309 1812 562 1887 prosperarum
577 1785 710 1858 fiducia
723 1781 849 1884 plenus
867 1783 1023 1883 populus
1044 1789 1222 1860 Romanus
1239 1792 1358 1886 magni

309 1902 521 1990 estimabat,
537 1904 773 1999 asperrimum
795 1897 936 1973 hostem
961 1905 997 1972 in
1022 1900 1140 1974 Africa
1166 1900 1357 1976 debellare.

258 2029 291 2083 ⁵5
308 2022 408 2093 Duce
421 2024 529 2119 igitur
540 2019 723 2117 Scipione,
734 2020 770 2087 in
781 2019 897 2114 ipsam
907 2016 1066 2090 Africam
1079 2033 1155 2090 tota
1168 2017 1263 2092 mole
1277 2044 1359 2092 con-

308 2160 444 2225 versus,
459 2136 588 2205 imitari
602 2135 712 2229 coepit
724 2128 953 2221 Annibalem,
972 2149 1008 2205 et
1028 2130 1136 2204 ltaliae
1154 2157 1223 2206 suae
1240 2131 1357 2208 clades

257 2258 292 2312 ⁵6
309 2254 347 2321 in
367 2247 489 2322 Africa
508 2247 699 2320 vindicare.
722 2247 820 2338 Quas
840 2243 899 2317 ille
920 2245 989 2341 (dii
1010 2246 1137 2344 bonil)
1155 2247 1359 2322 Asdrubalis

310 2368 447 2462 copias,
465 2389 553 2462 quos
566 2359 738 2462 Syphacis
752 2364 925 2434 exercitus
941 2359 1054 2436 fudit?
1065 2389 1144 2462 quae
1155 2381 1358 2465 quantaque

308 2483 490 2578 utriusque
504 2495 619 2551 castra
631 2475 768 2550 facibus
780 2474 883 2548 illatis
895 2491 966 2550 una
980 2493 1085 2551 nocte
1098 2478 1249 2554 delevit?
1261 2481 1357 2554 deni·

310 2620 379 2695 que
391 2594 467 2693 jam
477 2620 549 2666 non
562 2597 696 2664 atertio
711 2590 847 2690 lapide,
857 2591 920 2664 sed
933 2596 1026 2692 ipsas
1040 2593 1263 2694 Carthaginis
1275 2622 1358 2695 por·

258 2725 293 2798 67
309 2727 362 2784 tas
376 2709 561 2784 obsidione
571 2706 763 2809 quatiebat.
779 2708 835 2780 Sic
845 2705 980 2782 factum
993 2725 1063 2800 est,
1074 2725 1116 2782 nt
1127 2709 1357 2788 inhaerentem

309 2955 423 2994 verterat
432 2939 534 3006 Livius,
545 2953 574 2992 ut
583 2939 757 2994 Asdrubaletn
765 2939 815 2993 de·
852 2961 947 3015 propre
957 2943 974 2993 is
985 2943 1125 3016 decerpam
1134 2943 1176 2997 cles
1186 2943 1301 2998 hommes
1311 2945 1359 3018 qui

309 3021 429 3075 bellaret.
442 3023 488 3074 En.
501 3023 597 3074 littra.
853 3019 968 3074 s'dtaient
980 3021 1079 3076 donnes
1093 3023 1109 3074 α’
1127 3023 1179 3088 lui,
1195 3034 1220 3075 et
1235 3025 1251 3075 is
1265 3023 1358 3076 dicon·

319 3101 389 3174 ⁵52.
406 3102 586 3172 Inopinanter.
602 3101 672 3153 Edit.
690 3100 814 3170 Princeps
854 3117 929 3173 ruper
948 3119 1001 3152 une
1016 3103 1102 3154 annes
1118 3102 1167 3174 qui
1182 3102 1309 3154 attmdas't
1327 3102 1358 3152 de
1433 3155 1436 3166 y

310 3179 486 3255 inopinatum.
502 3179 612 3233 Veteres
634 3194 721 3232 antem
739 3178 813 3231 editt.
853 3178 875 3230 si
900 3178 1012 3250 grandes
1038 3181 1209 3251 &compenses
1232 3183 1306 3251 apris
1330 3179 1358 3232 la

309 3257 411 3312 habent
420 3259 475 3311 sere
485 3277 576 3310 omnes
587 3258 776 3331 inopinantem.
852 3275 953 3330 prtem.
965 3281 976 3304 ι

347 3338 389 3390 53.
405 3337 536 3412 Agnosco,
552 3337 654 3410 inquit,
673 3336 815 3408 infelicita-
890 3335 933 3388 55.
949 3336 1015 3388 Tota
1027 3333 1103 3387 mole.
1113 3336 1187 3388 'l'otis
1199 3335 1310 3390 viribus.
1322 3367 1359 3378 —

311 3427 361 3467 tem
387 3417 557 3490 Carthaginis.
588 3415 704 3467 Annibal
734 3418 814 3468 etiam
853 3412 941 3467 ltalia
954 3432 1007 3468 sttoe
1023 3413 1107 3468 clades
1124 3415 1151 3467 in
1166 3416 1260 3488 Africa
1273 3417 1358 3470 vindi·

311 3493 383 3566 apud
393 3496 510 3558 Livium,
522 3494 631 3546 xxvttt
641 3493 686 3546 fin.
702 3511 814 3564 :agnos-
853 3513 920 3547 care.
929 3496 958 3548 ld
966 3509 1019 3562 est,
1028 3496 1120 3548 ulcisci
1128 3510 1220 3550 contra
1228 3499 1357 3566 Africam,

313 3597 324 3619 u
335 3593 395 3626 cere
406 3591 433 3624 se
444 3574 579 3624 fortunam
589 3571 753 3644 Carthaginis
763 3574 815 3624 fcr-
854 3591 915 3626 suas
926 3574 1041 3627 initalia
1055 3575 1153 3628 clades.

313 3668 377 3706 «tur
386 3653 496 3706 dixisse:
509 3678 520 3700 ι
535 3651 812 3720 intemnoscas,
889 3651 932 3705 56.
942 3653 1060 3725 Denique
1075 3658 1194 3729 nonjam
1206 3675 1223 3706 a
1236 3656 1309 3708 tertio
1320 3653 1358 3708 la-

313 3735 449 3788 Grandear
465 3745 491 3785 ct
505 3733 600 3785 Decad.
617 3731 659 3784 des
673 3733 812 3798 Romaim,
850 3729 926 3804 pide,
938 3745 987 3784 etc.
999 3732 1144 3804 Comparat
1156 3733 1291 3786 Annibalis
1302 3734 1357 3786 sac-

310 3815 386 3887 chop.
405 3814 436 3867 5:
457 3815 579 3866 «Encore
589 3811 750 3884 faudrait-il
764 3831 814 3884 que
853 3825 926 3876 tuns,
941 3813 1020 3884 idque
1038 3813 1118 3886 longe
1132 3816 1271 3886 postponit
1284 3817 1356 3868 facto

311 3889 813 3964 lesdiscoursqu'onfaittenirisAnai-
854 3893 1000 3964 Scipionis:
1021 3895 1066 3948 ille
1086 3899 1155 3948 enirn
1172 3897 1282 3948 Romam
1301 3913 1355 3948 non

311 3970 354 4023 bal
366 3973 468 4042 fussent
485 3973 572 4025 sauses.
591 3969 699 4042 Queri,
716 3987 749 4020 en
765 3988 814 4041 ap·
854 3974 964 4042 propina
976 3991 1055 4046 qnam
1066 3991 1082 4025 a
1094 3976 1171 4028 tertio
1183 3974 1354 4046 lapideridit:

307 4067 420 4124 prensant
437 4053 463 4105 la
479 4054 578 4125 discite
592 4052 624 4103 de
634 4069 680 4104 sort
689 4050 776 4123 frere,
792 4051 814 4102 il
852 4047 897 4102 hic
913 4067 1003 4105 autem
1018 4055 1083 4125 ipsis
1095 4053 1261 4124 Carthaginis
1272 4055 1355 4126 portis

308 4149 392 4182 aeona
411 4131 474 4203 qn'il
490 4150 522 4182 en
539 4129 675 4202 prevoyait
692 4127 718 4178 la
739 4130 813 4180 mine
852 4128 1012 4197 inhaerebat,
1032 4145 1058 4185 et
1077 4153 1123 4187 eos
1141 4133 1277 4186 obsidione
1293 4150 1357 4203 qua·

309 4210 341 4262 de
351 4209 522 4284 Canltogc‚je
533 4227 563 4260 ne
570 4206 644 4261 sache
654 4208 708 4258 rien
716 4203 813 4278 deplns
852 4209 942 4262 tiebat.
