3156 4950
293 547 354 614 172
616 528 652 592 n.
676 529 839 594 tuum
863 529 1010 595 anoni

285 661 360 717 tem
372 643 469 743 apud
481 642 741 746 Thermopylas
753 664 948 738 assecutus,
960 647 1081 720 locum
1093 663 1337 722 trecentorum

286 760 471 832 Laconum
486 764 646 858 speciosa
658 761 757 834 caede
769 760 1058 852 memorandum,
1072 788 1117 834 ne
1131 762 1181 836 ibi
1194 764 1340 864 quidem

286 873 419 946 fiducia
431 873 502 946 loci
517 879 754 966 resistentem,
768 881 858 951 mari
879 895 1035 949 aeterra
1057 876 1185 950 cedere
1210 882 1337 978 coegit.

240 1010 270 1045 11
288 991 414 1064 Statim
430 1006 466 1062 et
480 995 679 1089 evestigio,
697 997 768 1065 itur
788 997 824 1064 in
844 994 992 1092 Syriam.
1011 991 1138 1068 Classis
1159 998 1257 1094 regia
1272 997 1342 1066 Po·

287 1103 461 1204 lyxenidae
470 1105 706 1206 Annibalique
718 1111 921 1180 commissa:
934 1133 1018 1180 nam
1030 1133 1092 1180 rex
1104 1107 1262 1207 praelinm
1273 1134 1340 1181 nec

289 1237 450 1317 spectare
470 1235 621 1320 poterat.
647 1225 770 1320 igitur,
793 1221 884 1295 duce
900 1221 1044 1294 AEmilio
1065 1222 1222 1322 Regillo,
1238 1221 1341 1296 adre-

242 1335 274 1390 ¹³
290 1336 503 1434 migentibus
524 1334 690 1427 Rhodiis,
708 1352 785 1409 tota
804 1335 993 1409 laceratur.
1014 1339 1068 1411 Ne
1090 1336 1157 1410 sibi
1178 1337 1342 1437 placeant

290 1449 437 1523 Athenae
447 1451 454 1524 l
466 1456 503 1523 in
511 1450 689 1524 Antiocho
700 1455 849 1526 vicimus
859 1455 1032 1543 Xerxem3
1045 1457 1083 1526 in
1096 1453 1238 1527 AEmilio
1248 1452 1341 1526 Tbe-

291 1565 490 1640 mistoclem
499 1573 732 1666 aequavimus;
743 1567 903 1667 Ephesiis
917 1568 1095 1642 Salamina
1107 1573 1340 1669 pensavimus.

244 1683 276 1750 14
292 1686 386 1756 Tum
407 1681 551 1755 consule
575 1684 760 1783 Scipione,
784 1687 842 1756 cui
866 1681 993 1774 frater,
1015 1682 1074 1756 ille
1097 1679 1206 1757 modo
1228 1688 1343 1758 victor

293 1796 515 1898 Carthaginis
538 1795 743 1890 Africanus,
767 1797 967 1871 voluntaria
991 1797 1170 1899 legatione
1198 1799 1342 1889 aderat,

293 1911 465 1985 debellari
478 1937 600 2012 regem
613 1910 732 2010 placet
740 1943 749 2002 3
764 1913 885 2012 etjam
894 1929 973 1986 toto
991 1931 1142 1987 cesserat
1155 1918 1265 1988 mari:
1281 1912 1344 1985 sed
1399 1901 1402 1908 ¹

244 2031 275 2085 ¹⁵
293 2056 357 2102 nos
373 2033 464 2101 imus
479 2027 637 2101 ulterius.
653 2028 876 2104 Maeandrum
892 2028 938 2102 ad
955 2055 1097 2102 amnem
1112 2047 1343 2130 montemque

293 2142 453 2243 Sipylum
468 2160 583 2216 castra
598 2159 791 2242 ponuntur.
809 2145 878 2215 Hic
902 2169 981 2235 rex,
997 2143 1206 2217 incredibile
1227 2136 1343 2232 dictu,

244 2261 276 2315 16
293 2258 420 2358 quibus
447 2257 605 2349 auxiliis,
630 2259 758 2358 quibus
782 2263 894 2358 copiis
918 2259 1137 2332 consederat.
1168 2261 1346 2333 Trecenta

293 2371 405 2444 millia
415 2371 596 2470 peditum3
606 2378 783 2472 equitum,
793 2371 1076 2474 falcatorumque
1089 2401 1260 2446 curruum
1272 2401 1345 2448 non

294 2493 412 2561 minor
425 2514 602 2561 numems.
615 2488 822 2589 Elephantis
836 2488 883 2562 ad
896 2487 966 2564 hoc
978 2493 1158 2568 immensae
1172 2495 1346 2589 magnitu-

333 2727 374 2763 ιι.
392 2710 435 2762 Ne
453 2709 488 2762 ibi
505 2711 609 2783 quidem
624 2709 799 2784 fidurt'aloci
879 2709 919 2778 14.
934 2711 1093 2784 Afia'canns,
1110 2710 1256 2764 voluntaria
1272 2709 1345 2782 leyn-

294 2791 459 2844 rcristaatem.
470 2793 519 2843 liic
531 2791 626 2843 Florus
636 2791 716 2842 abita
727 2792 800 2842 livio
841 2793 911 2844 tione
922 2793 1021 2845 aderat.
1033 2795 1131 2844 Amore
1143 2791 1246 2856 fratris,
1262 2803 1349 2862 utque

295 2882 321 2923 et
338 2869 411 2934 aliia;
427 2889 490 2922 narn
506 2873 611 2937 Livius,
627 2872 800 2940 XXXV1,17
841 2873 866 2924 ei
877 2872 1012 2942 provincia
1022 2870 1067 2923 illa
1078 2883 1151 2924 entra
1162 2884 1259 2923 sortem
1271 2869 1347 2922 dare·

295 2963 322 3006 et
333 2969 410 3023 seqq.
424 2964 519 3004 auctor
531 2966 585 3018 est,
596 2949 759 3004 Antiodrum
773 2953 802 3002 in
842 2965 895 3018 tur,
903 2965 932 3003 ut
940 2951 1021 3002 refert
1029 2951 1265 3019 miuoxxxvn,
1273 2968 1296 3016 r,
1305 2965 1345 3002 ro.

294 3031 494 3105 Thermopylis,
513 3032 553 3086 vel
573 3035 683 3086 maxime
704 3030 802 3084 fiducia
881 3033 922 3085 15.
934 3033 1099 3085 Maeandrum
1111 3032 1261 3084 adamatam
1274 3049 1348 3082 mon·

295 3109 348 3162 loci
360 3113 488 3165 restitisse
498 3111 695 3179 Romania,sed
705 3131 801 3184 magno
843 3124 945 3187 temque
965 3113 1098 3185 Sipylum.
1122 3113 1233 3166 Fallitur
1252 3113 1348 3164 Florus

296 3190 387 3264 praelio
398 3191 432 3244 ab
442 3192 528 3244 Acilio
538 3196 637 3245 victum
647 3194 737 3245 fuisse.
745 3196 802 3246 Nec
843 3211 926 3264 quum
938 3192 974 3245 ad
985 3194 1147 3246 Maeandrum
1159 3193 1281 3263 posuisse
1293 3205 1347 3242 tra·

296 3270 373 3323 aliter
381 3272 530 3343 Appianas,
541 3272 657 3345 Syriaco,
667 3270 801 3324 Plutarch.
843 3272 883 3325 dit
894 3287 980 3326 castra
990 3275 1131 3326 Romanos.
1142 3276 1292 3324 Potuerunt
1302 3268 1348 3322 illu

296 3347 324 3399 in
340 3347 397 3399 Cat.
415 3349 478 3417 Maj.
497 3362 548 3401 etc.
566 3351 700 3402 Donatus.
716 3379 750 3388 -
768 3350 803 3400 In
843 3350 877 3404 ad
885 3354 1049 3424 Magnesiam
1060 3370 1117 3423 qua·
1125 3349 1158 3402 ad
1167 3348 1286 3420 Sipylum
1295 3365 1348 3416 est,

296 3425 409 3494 Syriam.
424 3427 482 3476 lloe
495 3424 567 3478 bello
578 3429 713 3480 Romanor
727 3446 802 3480 exar-
842 3444 909 3485 teste
919 3433 993 3484 Livio
1003 3433 1126 3496 XXXVI,
1137 3429 1180 3499 37.
1193 3429 1349 3482 Fraudiluit
1411 3425 1417 3431 ’

298 3505 366 3555 citus
377 3505 574 3572 noningressus
584 3508 744 3578 ostSyriam3
756 3505 804 3559 sed
843 3511 942 3562 Nostro
958 3509 1032 3581 quod
1047 3508 1097 3560 alia
1115 3507 1251 3578 Magnesia
1269 3507 1350 3559 fuerit

298 3591 345 3631 aut
361 3582 489 3632 memoria
505 3580 613 3634 Florum
630 3583 740 3651 fefellit,
757 3598 803 3637 aut
843 3586 878 3639 ad
898 3587 1080 3654 Maeandrum,
1098 3584 1151 3638 alia
1170 3585 1220 3639 sub
1240 3585 1348 3658 Sipylo,

299 3659 421 3729 scripsit,
441 3661 529 3711 statim
549 3679 563 3712 e
581 3662 686 3735 arsapio
705 3664 759 3715 itur
775 3664 804 3715 tn
845 3687 912 3740 quas
925 3686 1064 3740 perperam
1079 3687 1129 3740 pro
1139 3685 1191 3719 unu
1203 3665 1349 3737 eademque

299 3737 405 3807 Atiam,
421 3752 450 3792 ut
463 3739 554 3812 Lipsio
565 3743 660 3794 visum.
674 3743 802 3797 Guuvroa.
843 3747 910 3800 urbe
930 3747 1034 3799 habuit.
1056 3746 1186 3798 Gravius.
1206 3742 1348 3814 Quomodo

338 3835 378 3870 ra.
396 3819 575 3894 Polyxenida.
590 3823 644 3891 Qui
658 3823 731 3875 exsul
748 3836 805 3876 erat
844 3821 1351 3878 auternFlorumdelenderetentetTrr·

300 3895 430 3952 Rhodius.
843 3923 887 3972 aa,
898 3903 959 3958 vide
972 3905 1006 3958 ad
1018 3919 1096 3957 notas
1108 3905 1220 3955 criticas.

339 3975 379 4028 13.
394 3979 601 4034 Themistoclem.
614 3981 702 4034 Editio
714 3985 740 4035 P.
755 3982 805 4036 Al·
883 3986 922 4039 16.
934 3989 998 4041 Nou
1007 3987 1094 4037 minor
1106 4001 1235 4035 numerus.
1247 3983 1350 4053 Nempe

302 4055 436 4108 eibiodem.
451 4060 547 4114 Melius
561 4063 741 4115 autemxerxi
754 4081 805 4135 op·
844 4083 899 4116 non
920 4067 1007 4116 minor
1026 4065 1145 4134 equitum
1167 4075 1349 4128 curruumque

302 4135 412 4206 ponitur
419 4135 626 4214 Themistocles,
639 4160 719 4214 quam
732 4142 806 4196 Alei-
843 4145 882 4195 vis
896 4142 996 4207 adfuit,
1009 4159 1089 4212 quarn
1103 4137 1245 4192 multitudo
1258 4133 1351 4209 pedes·

303 4213 405 4267 biades.
845 4223 925 4274 trium
937 4222 1076 4292 copiarum
1087 4217 1251 4291 requirebat.
