3156 4950
319 559 384 643 204
643 561 681 624 u.
705 561 860 624 runnu
884 561 1031 626 ruonr

318 697 425 753 retur.
445 685 590 780 Quippe
609 706 670 753 rex
689 678 931 753 callidissimus
951 679 1125 781 populum
1141 683 1361 774 Romanum,

319 803 423 868 armis
437 794 611 895 inclytum
627 812 663 868 et
677 799 867 884 invictum,
889 791 1015 894 opibus
1032 822 1211 895 aggressus
1233 815 1301 888 est3
1327 815 1362 872 et

318 914 407 982 citra
422 937 521 1009 spem
538 915 699 983 omnium
712 910 854 983 foruna
871 913 989 1002 cessit,
1003 925 1043 982 ut
1057 936 1119 982 rex
1133 910 1260 985 Fraude
1275 937 1360 1010 prae·

285 1038 301 1088 3
318 1029 459 1123 cipuus,
471 1024 597 1098 frande
612 1041 808 1124 caperetur.
824 1027 912 1115 Hic,
926 1050 991 1097 avo
1007 1028 1223 1118 Massinissa,
1237 1044 1274 1100 et
1288 1029 1361 1099 Mi-

318 1143 415 1238 cipsa
432 1156 534 1238 patre
552 1165 617 1238 per
633 1140 881 1239 adoptionem,
896 1137 1008 1239 quum
1021 1141 1220 1215 interficere
1235 1141 1361 1215 fratres

317 1257 507 1344 statuisset,
529 1258 677 1353 agitatus
698 1258 797 1353 regni
817 1252 1030 1352 cupiditate,
1052 1280 1117 1327 nec
1139 1254 1216 1328 illos
1232 1261 1360 1356 magis,

317 1393 425 1468 quam
450 1384 612 1440 senatum
635 1366 880 1468 populumque
902 1370 1121 1461 Romanum,
1146 1397 1300 1469 quorum
1324 1375 1360 1443 in

318 1478 388 1552 fide
398 1497 434 1552 et
443 1479 606 1553 clientela
614 1506 763 1579 regnum
774 1497 864 1573 erat,
878 1499 1071 1573 metueret,
1084 1488 1241 1582 primum
1251 1483 1360 1558 scelus

284 1612 301 1677 4
317 1595 463 1668 mandat
478 1595 612 1667 insidiis
621 1625 630 1684 ;
648 1600 851 1695 potitusque
868 1595 1081 1704 Hiempsalis
1097 1603 1231 1697 capite,
1251 1625 1362 1699 quum

317 1716 407 1784 sein
425 1709 665 1784 Adherbalem
683 1709 928 1802 convertisset,
951 1717 1051 1813 isque
1068 1718 1221 1788 Romam
1238 1715 1362 1815 profu·

317 1831 440 1925 gisset,
458 1831 563 1900 missa
574 1853 640 1926 per
650 1826 785 1926 legatos
799 1833 969 1928 pecunia,
986 1835 1092 1902 traxit
1104 1835 1142 1902 in
1155 1837 1362 1906 sententiam

317 1965 416 2012 suam
433 1958 603 2014 senatum.
621 1941 666 2013 Et
679 1939 754 2014 haec
769 1940 837 2013 fuit
853 1941 898 2014 de
914 1943 1017 2016 nobis
1034 1944 1108 2042 ejus
1122 1949 1237 2043 prima
1251 1951 1362 2018 victo-

284 2075 300 2130 5
317 2059 379 2128 ria.
398 2059 523 2128 Missos
538 2055 684 2147 deinde,
702 2061 764 2155 qui
783 2081 932 2154 regnum
949 2061 1043 2134 inter
1059 2057 1159 2130 illum
1172 2057 1361 2142 Adherba-

315 2168 458 2270 lemque
468 2167 1360 2272 dividerent,similiteraggressus,quuminScauro
1444 2188 1445 2194 ’

317 2287 411 2382 ipsos
425 2289 578 2358 Romani
597 2289 746 2388 imperii,
756 2310 874 2360 mores
891 2303 1139 2384 expugnasset,
1157 2287 1361 2362 inchoatum

283 2424 300 2476 6
317 2399 415 2473 nefas
437 2401 589 2500 perfecit
611 2402 789 2476 audacius.
812 2401 882 2474 Sed
903 2402 965 2474 diu
986 2428 1059 2474 non
1079 2401 1190 2476 latent
1205 2402 1358 2477 scelera:

318 2535 493 2616 corruptae
505 2519 602 2592 nefas
615 2517 799 2618 legationis
812 2523 947 2618 erupit;
962 2517 1166 2621 placuitque
1177 2517 1272 2593 bello
1283 2545 1361 2618 per·

317 2636 416 2730 sequi
431 2634 658 2730 parricidam.

283 2777 299 2829 7
364 2750 501 2822 Primus
518 2756 554 2822 in
569 2750 774 2824 Numidiam
793 2735 1005 2852 Calpurnius
1022 2755 1138 2826 Bestia
1156 2751 1278 2825 consul
1293 2757 1361 2823 im-

316 2868 491 2937 mittitur:
515 2866 577 2939 sed
597 2893 676 2958 rex,
698 2872 832 2966 peritus
852 2867 979 2940 fortius
996 2870 1163 2943 adversus
1183 2871 1362 2941 Romanos

283 2991 299 3042 8
317 3001 444 3050 aurum
459 3007 548 3070 esse,
561 3006 670 3080 qnam
684 2980 841 3072 sermm,
858 3007 986 3080 pacem
1001 2988 1096 3055 emit.
1114 2983 1222 3083 Cujus
1241 2983 1371 3081 flagitii

316 3117 410 3184 reus,
423 3121 550 3195 quum,
565 3101 820 3170 interveniente
827 3097 971 3196 publica
982 3098 1071 3190 fide,
1085 3115 1237 3172 asenatu
1249 3123 1362 3176 arces-

315 3221 461 3298 seretur,
474 3215 553 3307 pari
562 3211 711 3284 audacia
721 3230 757 3284 et
765 3217 877 3300 venit,
890 3229 926 3285 et
935 3217 1209 3312 competitorem
1220 3213 1365 3318 imperii

315 3321 521 3396 Massinissae
550 3328 739 3400 Massivam
770 3332 926 3401 immisso
957 3353 1164 3429 percussore
1194 3324 1359 3398 coniecit.

282 3435 401 3520 9Haec
419 3434 529 3508 altera
545 3459 670 3512 contra
693 3469 814 3541 regem
835 3442 902 3515 fuit
924 3469 1047 3518 caussa
1062 3441 1229 3517 bellandi.
1252 3443 1362 3540 lgitur

354 3625 379 3675 3.
389 3621 477 3675 Scelus
485 3625 594 3676 mandat
604 3628 709 3682 insidiis.
718 3631 818 3682 Perin-
856 3632 918 3684 loco
938 3633 1060 3704 intelligit
1080 3633 1189 3698 Florus,
1213 3631 1241 3682 in
1262 3629 1360 3682 Scauro

317 3701 394 3754 sidias
409 3704 516 3775 exsequi
531 3706 638 3772 statuit,
656 3721 682 3759 et
697 3709 729 3760 iis
742 3710 817 3779 quasi
858 3710 1361 3784 quasiomnesimperiiRomanimores,

315 3780 495 3852 peragendum
509 3785 650 3836 committit
664 3786 759 3838 scelus.
775 3785 817 3838 Sic
857 3803 884 3840 et
895 3807 1002 3841 omnem
1015 3791 1139 3841 virtutem
1153 3788 1263 3840 stetisse.

315 3861 411 3913 lustin.
420 3862 453 3927 V,
464 3879 492 3928 a,
503 3863 585 3915 verbo
595 3863 721 3918 mandare
734 3883 748 3916 a
761 3883 818 3935 pen
895 3884 918 3936 7.
933 3867 1041 3920 Peritum.
1054 3867 1085 3918 ld
1098 3879 1154 3932 est,
1166 3864 1286 3936 edoctus.

317 3941 387 3990 sonis
413 3939 447 3991 ad
472 3960 514 3994 res
540 3944 686 4011 translato,
713 3963 818 4017 «quum
894 3945 1121 3998 &Interveniente
1128 3942 1235 4015 publica
1238 3937 1304 4014 fide.
1314 3940 1363 3990 Ro·

319 4020 550 4075 «interficiendum
570 4025 671 4080 insidiis
694 4025 819 4080 mandas·
859 4025 931 4076 mani
942 4042 1037 4098 nempe
1049 4021 1129 4077 fidem
1138 4041 1213 4076 suam
1225 4018 1322 4072 dedere
1334 4035 1361 4070 se

319 4109 407 4149 «sent.
419 4121 430 4143 n
444 4099 545 4153 ὓυιιιιι.
858 4106 941 4156 amics
958 4124 1019 4157 cum
1035 4125 1068 4158 eo
1085 4117 1203 4155 acturos.
1220 4129 1256 4144 „-
1270 4096 1360 4153 tresi-

352 4175 378 4230 5.
396 4177 431 4227 1η
445 4178 542 4231 Scauro
560 4181 625 4251 ipsos
640 4183 752 4236 Romani
769 4185 817 4236 im·
858 4203 926 4236 vam.
938 4183 1043 4238 Scilicet
1055 4197 1181 4255 nepotem
1190 4179 1363 4252 regi-Masso

314 4259 818 4333 periimoresexpuqnosset.Scilicethoc
858 4265 941 4314 nisse.
