3108 4956
430 513 436 521 “
507 507 651 570 LlBER
673 507 913 590 QUARTUS.
1172 509 1235 596 329

185 633 342 720 Astures,
362 633 536 702 immunes
550 632 695 728 imperii
710 626 901 728 agitabant.
917 626 1181 704 Cantabrorum
1200 648 1235 704 et
1251 644 1284 712 47

184 743 299 846 pejor,
314 761 349 818 et
359 743 474 834 altior,
488 759 524 818 et
533 748 645 844 magis
656 747 819 842 pertinax
830 747 867 815 in
879 740 1086 818 rebellando
1097 749 1247 838 animus¹

184 859 268 934 fuit:
297 864 359 961 qui
384 885 458 933 non
483 864 640 933 contenti
666 859 867 932 libertatem
895 884 996 931 suam
1020 859 1233 952 defendere,

184 977 354 1074 proximis
371 979 478 1048 etiam
491 978 697 1073 imperitare
712 973 913 1062 tentabant3
927 977 1182 1076 Vaccaeosque,
1199 993 1236 1050 et

184 1091 412 1188 Gurgionios,
425 1105 462 1162 et
473 1089 685 1189 Autrigonas
698 1088 831 1160 crebris
843 1089 1101 1162 incursionibus
1112 1089 1234 1190 fatiga·

183 1202 281 1278 bam.
296 1205 338 1279 lu
350 1201 415 1278 bos
429 1207 548 1301 igitur,
560 1207 645 1303 quia
655 1201 898 1276 vehementius
913 1211 1018 1303 agere
1029 1203 1236 1277 nuntiaban-
1251 1221 1287 1288 48

183 1334 253 1408 tur,
266 1346 340 1392 non
358 1318 526 1394 mandata
540 1317 737 1417 expeditio,
752 1319 814 1391 sed
830 1335 948 1391 sumta
960 1335 1021 1392 est.
1042 1323 1122 1419 lpse
1138 1324 1236 1392 venit

184 1434 414 1533 Segisamam:
425 1451 539 1508 castra
548 1437 678 1532 posuit.
688 1433 790 1525 lnde,
796 1437 929 1533 partito
940 1437 1236 1524 exercitu,totam

183 1554 222 1622 iu
238 1550 335 1624 diem
356 1549 538 1650 amplexus
553 1549 799 1642 Cantabriam,
815 1549 965 1627 efferam
984 1568 1144 1651 gentem,
1164 1555 1235 1626 ritu

184 1661 360 1756 ferarum,
380 1669 481 1765 quasi
497 1664 680 1766 indagine,
701 1663 914 1738 debellabat.
932 1668 1007 1738 Nec
1026 1666 1071 1739 ab
1086 1670 1234 1740 Oceano
1251 1688 1287 1756 49

185 1784 301 1876 quies,
314 1806 427 1879 quum
444 1773 572 1854 infesta
585 1779 693 1854 classe
705 1784 784 1878 ipsa·
799 1807 942 1881 quoque
959 1796 1060 1880 terga
1077 1779 1236 1855 bostium

185 1895 414 1973 caederentur.
426 1901 585 1972 Primum
594 1898 761 1971 adversus
773 1897 971 1972 Cantabros
982 1897 1048 1970 snb
1058 1897 1236 1972 moenibus

184 2013 333 2114 Belgicae
356 2016 533 2117 praeliatus
554 2033 616 2090 est.
640 2019 734 2091 Hinc
755 2015 841 2117 fuga
860 2022 897 2088 in
921 2021 1236 2090 eminentissimum

183 2129 355 2204 Vinnium
375 2147 549 2222 montem,
570 2157 679 2232 quem
700 2135 814 2206 maria
833 2134 932 2230 prius
952 2131 1108 2220 Oceani,
1128 2155 1237 2231 quam

185 2268 285 2314 arma
296 2247 458 2320 Romana
471 2246 683 2332 adscensura
698 2273 771 2320 esse
788 2244 1024 2319 crediderant.
1039 2247 1161 2320 Tertio
1172 2247 1236 2318 Ar·

184 2357 348 2440 raciliam
361 2364 538 2461 oppidum
551 2389 681 2462 magna
692 2367 730 2435 vi
743 2379 928 2463 repugnat.
946 2364 1102 2463 Captum
1115 2380 1235 2436 tamen
1253 2379 1288 2432 50

184 2491 366 2575 postremo
383 2477 461 2553 fuit.
484 2483 524 2554 ln
543 2479 841 2554 Medullimontis
860 2478 1000 2553 obsidio
1016 2481 1141 2581 (quem
1156 2507 1236 2580 per·

184 2608 292 2690 petua
304 2591 510 2694 quindecim
521 2593 673 2669 millium
688 2592 784 2668 fossa
798 2594 1097 2694 comprehensum
1110 2599 1234 2683 cinxit,

184 2706 352 2806 nudique.
362 2708 466 2782 simul
487 2710 639 2789 adeunte
655 2713 854 2805 Romano),
869 2727 1060 2811 postquam
1078 2725 1236 2782 extrema

185 2817 328 2892 barbari
346 2822 483 2912 vident,
500 2829 663 2900 certatim
682 2828 780 2923 igne,
794 2823 890 2898 ferro
910 2830 1004 2898 inter
1021 2823 1159 2924 eptdas,
1179 2850 1236 2898 ve·

185 2957 369 3032 nenoque,
382 2937 484 3036 quod
497 2938 550 3014 ibi
564 2937 671 3037 volgo
689 2965 732 3016 ox
743 2938 930 3013 arboribus
946 2944 1057 3013 taxeis
1073 2943 1236 3038 exprimi·
1326 2965 1331 2972 ·

184 3063 254 3138 tur,
262 3075 465 3150 praecepere
473 3069 760 3153 mortem3seque
767 3067 850 3154 pars
860 3055 1235 3154 majoracaptivitate,

186 3189 264 3266 quae
280 3163 480 3262 videbatur,
494 3169 733 3244 vindicavere.

185 3351 287 3423 populi.
306 3384 342 3395 -
360 3357 471 3412 Astures.
491 3357 623 3431 Hispania.
640 3379 692 3434 po·
731 3377 791 3412 mm
812 3349 904 3416 urbem
922 3361 967 3420 hic,
985 3337 1116 3432 designari
1131 3359 1235 3434 putant.

187 3431 244 3504 puli
258 3451 339 3506 supra
353 3435 497 3509 Gallioiam.
729 3466 766 3480 -
790 3437 928 3494 Vinnium.
961 3441 1091 3493 Mentem*
1105 3441 1236 3512 Hispaniae

221 3513 264 3582 47.
278 3511 404 3569 Vaccoeos.
418 3517 483 3571 Vide
495 3521 531 3585 ll,
545 3537 570 3590 7.
580 3549 617 3562 -
627 3523 691 3576 Gur·
729 3519 943 3574 Tarraconensis.
954 3550 991 3564 -·
1001 3519 1172 3574 Amulium.
1182 3521 1236 3591 Op·

183 3591 294 3664 piouios.
307 3593 424 3665 Populos
436 3599 463 3649 in
480 3599 608 3669 Hispania
623 3603 689 3654 Tar-
728 3599 821 3672 pidum
833 3603 861 3652 in
875 3600 1028 3653 Cantabria.

185 3675 690 3750 rennuenti-Autrigonas.Hispaniae
765 3679 930 3752 incaptum
939 3673 1235 3752 tomeupostremoffirit.

184 3750 390 3808 Tarraconensia
404 3753 529 3825 populor.
728 3758 763 3810 Iu
783 3758 901 3814 Medulli
918 3775 969 3816 etc.
991 3760 1066 3831 Legit
1084 3737 1237 3828 Tiue‘eap-

220 3829 690 3904 48.Seglsamum.AliiVaccaeoa-um,
730 3846 784 3888 tum
806 3847 902 3890 tamen.
924 3839 1060 3892 Portum
1079 3838 1107 3888 ln
1123 3832 1237 3888 Medulli

185 3907 332 3962 Cantabria
340 3909 384 3962 alii
393 3911 486 3963 urbem
496 3911 606 3968 faciunt.
614 3915 691 3966 -Iu
731 3929 781 3967 etc.
797 3918 835 3968 lta
846 3929 877 3968 ut
887 3916 931 3970 hic
942 3928 1070 3985 postremo
1079 3927 1197 3988 ponatur
1207 3927 1237 3966 ut

185 3987 264 4040 diem.
278 3989 412 4044 Perizonio
424 3989 549 4062 placebat
560 3992 689 4060 indidem,
730 4005 792 4046 ante
807 3995 897 4047 tertio:
910 4011 961 4054 nen
975 3993 1052 4048 male.
1064 4024 1101 4038 -
1111 3991 1233 4052 Medulli.

186 4066 691 4141 idest,exipaislocieuhicastraCaeaar
730 4070 883 4142 legendum
917 4072 1022 4128 videtur
1053 4074 1164 4128 AEdulii.
1199 4101 1235 4116 -

186 4161 320 4216 potuerat.
732 4151 831 4206 Texuit.
848 4153 938 4211 Taxua
952 4167 1040 4210 autem
1058 4153 1136 4211 arbor
1153 4171 1234 4208 veae·

223 4225 265 4298 49.
277 4226 395 4301 Belgica.
405 4225 533 4282 Vellicam
545 4227 689 4284 Cantabro·
729 4241 802 4288 nata.
