3102 4942
311 467 348 545 24
706 463 767 526 ns
791 463 950 530 suono

347 585 439 664 Quod
456 599 558 644 autem
575 596 680 646 noster
697 582 780 665 apud
792 585 957 646 Horatium
970 583 1063 646 Julius
1080 581 1182 646 Florus
1199 583 1302 662 audit,
1317 586 1349 647 id

306 687 408 768 ipsum
421 704 492 744 cum
508 679 696 764 quibusdam
711 682 883 760 codicibus,
897 683 952 742 ubi
971 696 1094 764 prorsus
1110 683 1151 743 sic
1169 705 1285 744 nomen
1298 706 1348 745 ex-

306 800 443 864 pressum
453 779 620 861 legebatur,
627 781 789 840 consentit.
796 780 901 862 Neque
910 793 1016 840 tamen
1023 792 1186 862 propterea
1195 784 1347 842 renuerim

307 880 340 938 iu
354 889 461 938 nostro
474 897 653 959 praenomen
665 879 761 952 lucii,
774 897 840 938 non
852 875 967 952 solum,
979 877 1033 958 qui
1048 890 1146 958 poetae
1158 898 1229 937 raro
1239 889 1349 938 cuncta

305 975 641 1058 personarum,quibus
651 995 706 1034 sua
714 989 857 1056 poemate
867 975 1189 1049 inscribunt,uomiua
1197 996 1348 1058 exponere

305 1073 418 1150 solent,
436 1072 488 1133 sed
500 1072 586 1153 quod
599 1071 669 1154 plus
681 1094 774 1154 quem
789 1073 953 1134 verisimile
964 1071 1014 1149 lit,
1027 1071 1103 1132 Julii
1114 1094 1228 1134 nomeu
1242 1074 1281 1136 ab
1296 1073 1349 1134 illa

306 1170 406 1234 nobili
417 1171 580 1232 Flororum
590 1173 672 1230 inter
680 1172 828 1230 Treveros
840 1169 974 1247 familia,
988 1191 1025 1230 ex
1034 1185 1140 1251 quant
1152 1172 1265 1254 opinor
1276 1172 1349 1232 Nos-

306 1285 352 1331 ter
370 1270 523 1350 originem
540 1267 688 1344 ducebat,
703 1269 737 1328 in
752 1266 906 1330 honorem
919 1267 995 1328 Julii
1012 1269 1138 1330 Caesaris
1156 1289 1219 1331 esse
1234 1289 1349 1330 assum·
1378 1289 1385 1304 *

306 1381 386 1442 tum,
401 1369 536 1448 quicum
549 1368 624 1428 clim
637 1386 672 1427 ex
687 1367 863 1449 promeritis
876 1365 996 1427 videtur
1007 1368 1127 1427 civitate
1139 1369 1279 1428 Romana
1291 1365 1349 1427 do-

304 1485 399 1525 nasse.
412 1464 530 1542 Quidni
545 1465 640 1545 igitur
655 1482 844 1544 consequens
863 1463 917 1539 sit,
933 1478 1043 1546 prester
1060 1463 1114 1524 illa
1126 1462 1190 1524 duo
1204 1464 1348 1540 nomina,

302 1562 374 1624 Julii
385 1559 479 1637 Flori,
492 1573 627 1643 posteros
639 1558 792 1644 quosdam
801 1560 883 1621 illius
893 1559 1033 1638 familite,
1048 1561 1179 1623 initalia
1189 1561 1349 1644 degentes,

304 1673 335 1719 et
352 1657 469 1720 diversa
487 1659 681 1740 praenomina
699 1658 757 1718 sibi
779 1657 957 1720 adscivisse?
976 1661 1059 1720 Lucii
1076 1679 1149 1720 sane
1168 1659 1277 1720 Annoei
1295 1679 1350 1720 no-

304 1776 394 1831 meu,
409 1753 496 1836 quod
513 1753 651 1837 plerique
668 1755 787 1818 codices
801 1768 908 1816 nostro
927 1756 1047 1817 auctori
1065 1754 1195 1830 indunt,
1212 1776 1279 1816 non
1295 1755 1350 1816 du·

304 1853 370 1914 bito
382 1852 550 1914 semidocto
563 1853 687 1914 cuidam
699 1851 827 1914 librario
842 1855 954 1930 veteri,
970 1853 1073 1914 saeculi
1089 1867 1158 1936 post
1171 1854 1205 1914 C.
1218 1855 1255 1914 N.
1268 1854 1348 1914 tertii

218 1975 220 1982 ·
305 1963 359 2010 aut
380 1950 499 2031 quarti,
515 1949 648 2024 ¹deberi;
670 1951 729 2012 nisi
753 1949 839 2013 refer
864 1949 1034 2033 bibliopola
1057 1949 1166 2032 aliquis
1191 1946 1268 2024 fuit,
1295 1951 1349 2032 qui

304 2068 341 2108 ex
361 2047 565 2130 permixtione
589 2047 718 2110 Florum
740 2048 798 2108 sub
821 2048 949 2108 nomine
969 2049 1053 2108 Lucii
1068 2049 1174 2108 Annaei
1191 2044 1349 2120 vendidit,

305 2147 469 2226 quoniam,
481 2159 515 2206 ut
524 2145 730 2206 demonstravi
739 2149 771 2206 in
782 2147 897 2223 Quiest.
909 2144 964 2206 lib.
975 2146 1018 2220 11,
1028 2160 1179 2221 tenemus,
1189 2156 1349 2226 utrosque,

304 2241 434 2303 Florum
445 2256 475 2303 et
486 2243 630 2306 Senecam
642 2241 879 2327 philosophum,
891 2242 930 2302 de
941 2243 1083 2304 aetatibus
1096 2241 1207 2325 populi
1217 2241 1350 2303 Romani

304 2342 467 2422 scripsisse.
486 2341 563 2402 Utut
581 2342 636 2417 sit,
654 2355 806 2402 testantur
825 2340 934 2402 saltem
952 2340 1085 2418 codices,
1103 2341 1228 2401 diversis
1241 2339 1290 2400 his
1304 2340 1350 2399 in·

305 2439 525 2520 scriptionibus
543 2439 583 2499 ad
600 2459 658 2500 nos
674 2439 799 2521 perlati,
817 2437 1008 2500 confusionis
1023 2439 1142 2522 ¹aliquid
1162 2453 1216 2500 aut
1232 2437 1351 2498 fraudis

305 2536 340 2595 in
355 2534 413 2594 bac
427 2556 459 2595 re
473 2534 643 2617 aliquando
657 2536 854 2597 intervenisse
857 2578 1349 2598 ..........................

345 2633 452 2713 ltaque
464 2632 540 2692 dum
550 2632 672 2694 isthunc
684 2636 805 2696 lucium
816 2634 929 2696 lulium
939 2633 1070 2710 Florum,
1084 2648 1239 2698 auctorem
1253 2632 1348 2692 nostri

306 2730 408 2810 operis
421 2726 487 2810 jam
501 2730 704 2811 probabiliter
717 2733 929 2812 agnoscimus,
939 2744 1014 2794 teste
1026 2733 1157 2792 Horatio
1169 2749 1263 2812 porro
1274 2725 1349 2788 edo·

306 2845 421 2901 cemus,
433 2847 505 2886 eum
520 2827 680 2908 aliquanto
695 2841 852 2912 tempore,
869 2829 945 2890 dum
959 2842 1033 2890 esset
1047 2849 1118 2890 cum
1132 2831 1270 2901 Nerone,
1285 2836 1349 2886 stu-

304 2922 363 2982 diis
372 2924 553 3003 questuosis
562 2925 675 3006 magis,
686 2945 782 3006 quam
789 2925 969 2989 liberalibus
979 2926 1072 2986 fuisse
1082 2922 1236 2998 deditum,
1245 2941 1350 3003 quam·

304 3020 350 3080 vis
368 3021 491 3082 interim
512 3036 630 3082 amaret
648 3026 803 3100 carmina,
824 3027 948 3108 ipseque
967 3022 1127 3097 funderet3
1149 3021 1348 3105 postmodum

303 3137 395 3193 vero,
418 3120 499 3179 curis
522 3120 709 3182 abstractum
733 3123 859 3200 aulicis,
882 3124 941 3184 sibi
962 3123 1072 3184 vixisse
1091 3134 1122 3182 et
1142 3120 1258 3182 literis:
1285 3137 1348 3197 quo

304 3215 452 3297 temporis
468 3217 568 3298 spatio
586 3215 670 3278 baud
691 3218 785 3280 dubie
806 3219 880 3281 bella
893 3235 922 3282 et
933 3243 1019 3303 paces
1037 3219 1143 3301 populi
1162 3215 1294 3278 Romani
1315 3215 1348 3272 in

304 3307 391 3377 brevi
408 3312 521 3372 tabella
539 3335 610 3390 sue,
627 3337 722 3397 quam
743 3316 793 3378 bic
810 3319 977 3392 intuemur,
992 3315 1150 3398 amplexus
1165 3325 1224 3387 est,
1242 3311 1347 3371 amici-

303 3406 440 3488 tiamque
452 3429 523 3468 cum
535 3409 595 3470 illis
608 3414 851 3490 convictoribus,
866 3434 947 3496 quos
964 3413 1111 3474 Horatius
1125 3413 1158 3471 in
1174 3410 1277 3492 priore
1293 3429 1347 3469 sua

303 3503 411 3565 laudet
421 3518 565 3589 taxatque
576 3511 724 3592 epistola,
741 3533 796 3572 uec
808 3514 912 3574 minus
926 3532 997 3573 cum
1009 3513 1077 3592 ipso
1091 3508 1239 3584 Horatio,
1254 3521 1284 3568 et
1299 3506 1347 3567 vel

304 3603 397 3662 eliam
410 3625 483 3664 cum
499 3605 585 3666 bono
597 3605 741 3690 claroque
757 3611 878 3670 Nerone
894 3607 1045 3691 percoluit
1047 3645 1347 3666 ................

345 3699 428 3760 Vixit
447 3701 556 3764 Florus
574 3717 653 3764 certe
672 3704 832 3787 eliquanto
847 3703 927 3765 ultre
943 3719 1063 3786 tempus
1081 3702 1176 3764 cladis
1189 3703 1346 3772 Varienae,

305 3794 345 3854 ad
366 3818 459 3878 quam
481 3821 500 3858 a
519 3798 711 3886 Philippensi
732 3823 854 3885 pugna,
876 3801 972 3862 natali
992 3799 1073 3883 ejus,
1093 3815 1128 3861 ut
1146 3797 1347 3870 crediderim,

302 3907 455 3975 tempore,
465 3899 690 3980 quinquaginta
702 3901 777 3962 anni
787 3913 1017 3981 computantur.
1027 3901 1131 3981 Neque
1141 3917 1213 3958 vero
1224 3897 1348 3976 insuper

304 4009 431 4071 prorsus
443 3993 610 4056 absurdum
622 3999 662 4058 sit
671 4011 794 4080 putare,
806 3997 934 4058 Florum
946 3997 1050 4072 illum,
1061 3996 1170 4076 dequo
1183 3993 1225 4052 bl.
1236 3994 1347 4052 Seneca

309 4085 455 4158 contras.
474 4093 510 4150 25
527 4091 676 4172 loquitur,
690 4094 793 4155 lilium
813 4095 914 4156 Nostri
932 4094 1039 4170 luisse,
1053 4112 1143 4174 quem
1163 4091 1348 4172 percipimus
