3156 4950
524 544 668 609 LIBER
690 543 954 611 SECUNDUS.
1204 542 1262 610 265

219 683 324 768 atque
336 665 563 739 incubmtem
577 665 685 740 ltaliae
706 681 932 766 extorqueret
944 662 1167 738 Annibalem.
1184 667 1264 736 Non
1282 675 1315 727 58

217 783 286 856 fuit
295 782 409 882 major
420 781 484 856 suh
495 786 819 881 imperio'Romano
835 781 925 870 dies,
939 807 1047 880 quam
1061 779 1138 871 ille,
1153 805 1265 879 quum

218 898 467 970 duoomnium
490 914 525 969 et
546 913 649 969 antea
670 913 706 968 et
721 912 846 996 postea
869 895 1000 967 ducum
1021 901 1184 986 maximi,
1205 893 1264 968 ille

217 1012 342 1103 ltaliae,
363 1011 421 1085 hic
444 1015 625 1111 Hispaniae
648 1016 774 1100 victor,
799 1009 935 1082 collatis
956 1014 1115 1082 cominus
1138 1014 1265 1108 signis,

218 1127 377 1200 direxere
392 1130 515 1200 aciem.
532 1125 601 1198 Sed
623 1143 658 1198 et
680 1124 898 1224 colloquium
916 1124 984 1195 fuit
1002 1129 1095 1196 inter
1108 1128 1203 1223 ipsos
1220 1123 1265 1196 de

217 1239 352 1342 legibus
368 1245 476 1341 pacis.
495 1242 674 1312 Steterunt
687 1239 750 1311 diu
761 1255 885 1310 mutua
899 1238 1134 1310 admiratione
1149 1237 1263 1309 defixi.
1283 1241 1317 1310 ⁵9

216 1357 287 1430 Ubi
310 1357 356 1430 de
379 1380 476 1458 pace·
494 1381 567 1427 non
591 1359 775 1445 convenit,
801 1359 899 1454 signa
924 1359 1095 1428 cecinere.
1120 1356 1268 1426 Constat
1282 1353 1318 1404 ⁶⁰

216 1477 399 1572 utriusque
414 1470 652 1559 confessione,
672 1495 762 1542 «nec
776 1469 901 1542 melius
916 1474 1041 1542 instrui
1053 1474 1184 1558 aciem,
1200 1493 1267 1542 nec

222 1621 237 1652 r
249 1593 363 1660 acrius
380 1590 536 1687 potuisse
552 1587 742 1683 pugnari.»
767 1587 848 1657 Hoc
865 1587 983 1684 Scipio
1006 1583 1050 1656 de
1066 1582 1267 1674 Annibalis,

217 1699 375 1774 Annibal¹
388 1700 433 1774 de
450 1702 623 1799 Scipionis
640 1704 796 1772 exercitu
811 1698 1106 1798 praedicaverunt.
1127 1699 1196 1771 Sed
1212 1715 1266 1771 ta-
1282 1708 1314 1761 6¹

218 1841 301 1888 men
313 1814 465 1887 Annibal
477 1816 864 1913 cessitppraenriumqne
878 1818 1035 1886 victoriae
1049 1813 1170 1886 Africa
1181 1812 1264 1905 fuit,

219 1947 256 2003 et
272 1946 410 2004 secutus
423 1928 582 2003 Africam
597 1931 715 1999 statim
729 1943 905 2000 terrarum
922 1926 1028 2002 orbis

218 2208 728 2234 ΜἿἈΜῚΜΜΜΜΜΜἊ
733 2208 1264 2236 ΜΜΜΛΜἋΛΜΑἪΛΜΜΊΜΜ

688 2399 790 2474 Vll.

285 2626 498 2700 BELLUM
523 2631 922 2706 MACEDONICUM
948 2629 1192 2701 PRIMUM*.

265 2833 349 2903 Post
371 2832 623 2934 Carthaginem
645 2837 740 2906 vinci
762 2838 943 2905 neminem
964 2829 1105 2930 puduit.
1128 2830 1263 2900 Secutae
1303 2779 1319 2891 i

206 2957 299 3014 eunt
312 2949 429 3017 statim
441 2949 601 3021 Africam
620 2965 760 3049 gentes,
776 2947 1008 3035 Macedonia,
1026 2946 1182 3033 Graecia,
1199 2945 1265 3042 Sy-

253 3127 295 3199 59.
314 3130 446 3184 Steterunt
462 3132 509 3186 dtu
526 3145 618 3187 mutua
635 3134 722 3187 admi-
761 3131 857 3185 semble
868 3130 980 3204 prendre
990 3129 1083 3202 plaisir
1094 3129 1110 3180 ir
1123 3127 1265 3200 consentire

216 3207 317 3262 ratione
334 3207 421 3282 defixi.
443 3211 531 3267 Livius
552 3212 622 3266 libro
642 3231 723 3285 supra
762 3231 809 3266 son
817 3213 965 3286 expertem
974 3224 999 3264 et
1007 3229 1053 3264 ton
1065 3211 1114 3262 bon
1123 3227 1207 3263 serti.-

216 3285 297 3338 citato
309 3307 314 3337 =
338 3287 506 3361 uPaullisper
526 3290 592 3344 alter
612 3289 721 3343 alterius
797 3293 876 3345 'Can
887 3293 943 3344 vil.
956 3293 1062 3344 Βειιωι
1073 3293 1264 3344 Macenorucmr

219 3381 405 3439 rconspectn,
430 3369 605 3424 admiratione
629 3383 722 3423 mutua
761 3389 871 3426 rainoni.
897 3375 975 3424 Anno
1000 3371 1080 3425 Urbis
1105 3369 1177 3437 540,
1203 3383 1264 3422 ante

220 3461 325 3515 «prope
349 3449 454 3499 attoniti
476 3451 663 3502 conticuere.»
685 3479 722 3490 -
761 3451 893 3506 Christum
907 3464 999 3503 natum
1015 3449 1079 3517 πῃ
1096 3467 1165 3502 coss.
1177 3447 1264 3516 Quin-

216 3521 307 3596 Siqnoe.
326 3523 356 3574 ld
372 3539 426 3591 est,
445 3527 514 3582 tubae
531 3549 588 3604 quae
604 3530 669 3582 dant
684 3531 721 3583 si·
762 3545 789 3584 to
806 3531 888 3583 rsbto
907 3530 1068 3583 Cunctatore
1086 3529 1131 3595 IV,
1151 3525 1262 3581 Claudio

217 3619 311 3672 gnum.
761 3610 889 3664 Marcello
902 3613 953 3664 111:
969 3625 1043 3664 sexto
1056 3628 1126 3662 anno
1143 3623 1205 3682 post
1221 3610 1264 3660 in-

252 3681 297 3735 So.
314 3681 374 3736 Hoc
390 3684 479 3754 Scipio
493 3687 525 3738 de
540 3689 718 3746 Annibalis...
760 3703 877 3762 coeptum
898 3689 1046 3742 secundum
1064 3689 1165 3741 bellum
1186 3689 1265 3740 Puni·

217 3762 339 3814 exercitu.
358 3763 560 3834 Mouretonttu,
580 3769 678 3822 Grand.
696 3783 722 3823 et
761 3787 830 3822 cum.
845 3769 883 3820 Ea
896 3786 953 3841 quie
964 3767 1018 3819 hoc
1030 3769 1118 3839 capite
1131 3767 1266 3818 continen-

218 3839 314 3892 Ddcud.
323 3840 365 3893 des
371 3841 503 3907 Romaim,
509 3843 584 3916 clap.
594 3846 623 3898 5.-
636 3849 723 3899 aroer
761 3861 813 3912 tur,
823 3847 942 3900 scribunt
948 3847 1047 3910 Livius,
1054 3845 1150 3911 xxxi,
1157 3844 1264 3911 xxxii,
1325 3901 1327 3904 ,

216 3919 722 4053 torinnenio
761 3923 1264 4056 fflvntrtit’

708 4031 722 4043 ·
785 4026 792 4067 3
924 4023 931 4037 ·
962 4023 980 4056 11
1016 4023 1041 4055 n.
1258 4024 1266 4065 ;

218 4074 292 4127 nibal
308 4073 333 4126 le
345 4072 379 4146 fit
390 4019 562 4148 pbnrrauvlb
575 4097 603 4131 sa
617 4039 721 4150 peitrie:
761 4040 932 4154 Eutrbp.'lv:
945 4097 972 4146 r;
986 4083 1063 4136 Oros.
1078 4083 1122 4146 IV,
1138 4039 1186 4146 2b3
1202 4081 1263 4135 Plu-

218 4153 603 4230 n'ayantpuporterScipionb
614 4157 640 4210 la
648 4160 722 4230 pair,
762 4161 844 4214 tarch.
860 4162 888 4213 in
904 4160 1059 4230 Flaminio„
1074 4180 1133 4234 cap.
1149 4161 1181 4229 3,
1196 4175 1263 4224 etc.;

219 4233 241 4287 ii
249 4236 336 4288 donna
348 4255 400 4289 une
408 4236 516 4290 bataiIle
525 4243 560 4290 oi·
575 4237 601 4290 lo
610 4237 723 4311 fortune
762 4239 806 4292 sit.
820 4240 876 4294 ital.
889 4243 946 4308 XV,
955 4261 1021 4296 rere.
1035 4241 1095 4296 286.
1107 4242 1218 4294 Cineae.
