3026 4956
343 527 406 594 386
681 523 818 588 LUCII
842 521 1048 587 AMPELll

563 1263 737 1336 annua
762 1264 977 1336 civium
1001 1265 1168 1356 Quor.
1196 1375 1199 1383 Δ

386 1525 514 1601 Civilia
526 1522 620 1599 bella
636 1537 791 1624 quatuor
805 1539 905 1597 mota
921 1541 1002 1598 sunt
1017 1527 1055 1596 in
1067 1523 1157 1597 urbe
1172 1527 1390 1599 allomanis.

339 1643 451 1718 Civile
469 1640 605 1715 bellum
624 1643 783 1739 primum
808 1635 983 1739 Sulpicius
1005 1639 1184 1713 Tribunus
1207 1647 1389 1732 excitavit,

339 1759 438 1861 quod
449 1756 686 1856 subscriptam
697 1759 938 1854 provinciam¹
952 1753 1234 1832 Mithridaticam
1246 1758 1344 1860 Sylla
1355 1765 1391 1832 in

337 1879 495 1950 Marium
510 1870 702 1947 transferre
715 1869 894 1946 noluisset.
913 1873 1114 1946 Secundum
1131 1873 1266 1948 bellum
1280 1878 1391 1976 Lepi·

337 1993 404 2066 dus
425 2007 549 2066 contra
569 1985 754 2078 Catulum,
779 1985 827 2060 ob
850 1999 1009 2060 metum²
1030 1987 1155 2061 Siciliae
1174 1989 1388 2091 exspoliatae.

336 2114 499 2184 Tertium
512 2105 647 2182 bellum
660 2107 780 2178 Caesar
794 2121 829 2177 et
842 2108 1044 2206 Pompeius.
1060 2105 1148 2180 Belli
1161 2113 1296 2206 species
1310 2135 1390 2180 ma·

336 2229 404 2326 gis,
419 2249 528 2324 quam
542 2247 664 2296 caussa
677 2218 762 2310 fuit,
779 2237 927 2320 negatus
944 2247 965 2293 a
978 2223 1110 2294 Senatu
1123 2222 1252 2295 Caesari
1265 2249 1390 2295 consu·

336 2341 438 2414 latus.
457 2342 634 2413 Caeterum
645 2341 830 2438 utriusque
847 2337 1025 2412 aemulatio
1040 2356 1076 2412 et
1088 2339 1263 2439 cupiditas
1277 2345 1391 2440 impe·

337 2460 381 2530 rii
395 2453 614 2554 occupandi:
629 2479 728 2544 nam,
742 2479 855 2553 quum
866 2454 1064 2528 secundum
1074 2482 1191 2529 mores
1201 2453 1390 2557 legemque

338 2570 517 2670 majorum
533 2567 677 2640 dimisso
692 2573 850 2640 exercitu
865 2573 986 2643 venire
1000 2575 1038 2643 in
1053 2567 1182 2643 urbem
1197 2571 1316 2643 Caesar
1332 2569 1390 2643 de·

337 2685 457 2775 beret,
472 2700 508 2757 et
518 2683 648 2757 docere
658 2683 829 2755 Senatum
842 2682 888 2756 de
899 2682 1005 2759 rebus
1016 2712 1082 2759 ase
1092 2691 1211 2785 gestis,
1225 2700 1333 2785 atque
1342 2689 1390 2757 ita

338 2798 563 2901 triumphum
588 2801 778 2898 consequi3
810 2798 994 2894 simulans,
1024 2828 1061 2875 se
1088 2806 1239 2902 gratiam
1265 2806 1390 2875 timere

339 2918 518 3015 Pompeii,
535 2917 677 3016 negavit
692 2940 730 2986 se
746 2917 936 2989 missurum
953 2921 1163 3007 exercitum,
1177 2921 1244 2988 nisi
1262 2943 1390 2990 consu-

339 3028 473 3104 laribus
484 3034 635 3103 comitiis
644 3032 736 3102 ratio
748 3027 903 3104 absentis
913 3037 967 3104 sui
976 3028 1111 3131 ³p0sita
1119 3030 1251 3104 fuisset.
1263 3035 1391 3125 Quam·

341 3147 469 3222 obrem
483 3145 593 3220 hostis
605 3172 627 3219 a
641 3163 765 3220 senatu
774 3147 970 3246 judicatus,
987 3153 1108 3222 statuit
1118 3149 1157 3221 id
1170 3146 1267 3220 bello
1280 3147 1391 3220 vindi·

342 3290 435 3336 care.
451 3265 503 3336 Ac
515 3266 565 3334 sic
576 3288 649 3335 non
664 3260 888 3334 consulatum
900 3261 1011 3337 modo
1024 3290 1066 3338 ac
1079 3261 1318 3363 triumphum,
1331 3259 1392 3336 sed

341 3393 459 3449 totum
472 3375 600 3477 Populi
616 3379 769 3449 Romani
787 3383 981 3476 imperium
998 3379 1137 3480 redegit
1154 3383 1307 3452 insuam
1326 3405 1392 3478 po·

340 3506 516 3564 testatem.
539 3493 717 3586 Quartum
739 3489 875 3566 bellum
894 3496 1014 3567 Caesar
1032 3497 1209 3594 Augustus
1226 3492 1391 3566 adversus

375 3687 435 3740 Cur.
443 3689 497 3742 XL
506 3717 541 3727 -
552 3705 573 3739 1.
585 3688 660 3759 Quod
667 3688 844 3758 subscriptam.
889 3690 1067 3744 tumuisset..
1083 3691 1143 3745 Vid.
1155 3692 1226 3744 infra
1242 3708 1301 3760 cap.
1316 3687 1390 3740 XLll.

342 3767 445 3838 «Quod
466 3767 517 3821 sibi
538 3779 658 3838 ereptam
680 3767 865 3837 provinciam
923 3789 946 3823 a.
972 3771 1009 3823 Ob
1027 3782 1127 3823 mentm
1144 3769 1251 3824 Sicilie.
1273 3765 1390 3820 Freinsh.

342 3851 400 3902 εΜ.
413 3849 438 3903 S.
449 3850 468 3902 i.
480 3849 517 3900 M.
533 3847 672 3902 transferri
682 3845 844 3898 noluisset.»
887 3846 922 3902 sd
939 3849 1009 3902 Flor.
1028 3851 1078 3916 111,
1097 3849 1145 3914 23,
1168 3865 1196 3914 t,
1216 3857 1289 3900 metu
1303 3843 1390 3916 Sylla.

338 3927 457 3980 Freinsh.
473 3927 507 3980 ad
520 3928 590 3980 Flor.
603 3926 652 3992 111,
672 3941 718 3991 at,
731 3926 757 3978 6.
774 3927 844 3977 Peri·
887 3927 1028 3982 Probabile
1036 3942 1076 3982 est
1085 3927 1118 3982 de
1126 3927 1196 4001 Sylla
1206 3925 1290 3997 egisse
1299 3925 1393 3975 Aucto-

339 4007 430 4058 tonius
442 4025 491 4076 pro
508 4005 632 4059 noluisset
643 4007 787 4076 scripserat
799 4023 846 4057 vo·
887 4025 952 4061 cem.
965 4007 1017 4060 Sed
1032 4008 1096 4080 quid
1111 4009 1238 4060 faciemus
1253 4002 1335 4056 verbo
1350 4021 1392 4053 ex·

340 4082 437 4148 luisset,
460 4098 554 4137 caetera
571 4089 674 4138 intacta
692 4085 844 4157 reliquerat.
886 4085 1021 4161 spoliata?

338 4166 377 4218 lta
394 4164 535 4234 lugendum
550 4168 634 4234 foret,
654 4165 750 4239 «quod
769 4185 846 4238 erep-
922 4165 947 4216 3.
961 4164 1056 4218 Posito.
1070 4165 1214 4237 Proposita.
1227 4161 1309 4212 Paris.
1322 4157 1393 4211 Nihil

342 4259 416 4298 «tarn
428 4265 455 4318 p.
471 4245 507 4297 M.
523 4245 600 4318 Sylla
615 4248 633 4298 i.
651 4249 688 4298 M.
702 4247 845 4300 transferre
886 4245 1043 4298 tentandum
1055 4244 1177 4297 arbitror.
