3156 4950
303 551 365 596 ato
630 527 667 590 L.
691 526 847 589 ANNAEI
871 527 1018 590 FLORI

303 667 439 751 muerat
453 653 718 750 ingratissimos,
737 665 775 720 ut
794 654 868 746 ipse
887 648 990 737 dixit,
1010 647 1214 738 hominum,
1233 654 1268 720 in
1283 648 1349 722 ho-

302 793 428 840 norem
442 782 561 838 tamen
575 780 818 852 mortuorum,
837 768 942 836 sacris
960 766 1029 834 suis
1046 761 1220 862 famaeque
1238 763 1350 838 dona-

256 923 282 957 ιι
304 885 363 952 vit.
388 881 473 951 Mox
495 904 606 979 quum
627 875 764 950 Euboea
788 891 893 976 atque
916 878 1053 949 Boeotia
1073 873 1236 976 praesidia
1258 882 1349 977 regis

305 993 510 1093 depulisset,
526 1019 648 1066 omnes
661 996 781 1090 copias
793 1017 865 1063 uno
880 989 978 1090 apud
990 989 1239 1080 Chaeroneam,
1253 993 1349 1090 apud

305 1108 561 1182 Orchomenon
569 1105 1348 1207 alterohellodissipavit3statimqueinrlsiam

304 1241 553 1324 transgressus,
579 1229 696 1323 ipsum
719 1227 909 1322 opprimit;
935 1239 970 1295 et
997 1221 1214 1295 debellatum
1237 1221 1348 1313 foret,

305 1344 371 1412 nisi
389 1339 435 1410 de
450 1336 659 1412 Mithridate
674 1337 897 1436 triumphare
917 1342 1005 1429 cito,
1025 1364 1134 1439 quam
1151 1364 1249 1431 vere,
1271 1366 1350 1411 ma-

259 1499 288 1534 n
305 1456 434 1529 luisset.
449 1458 501 1528 Ac
513 1472 597 1527 tunc
611 1453 757 1554 quidem
773 1453 868 1527 hunc
884 1459 973 1528 Asiae
990 1471 1120 1528 statum
1136 1455 1230 1555 sylla
1244 1455 1349 1527 dede-

307 1587 371 1642 rat.
394 1573 507 1643 Ictum
526 1597 608 1642 cum
627 1574 781 1642 Ponticis
800 1568 926 1641 foedus.
947 1573 1098 1668 Recepit
1116 1568 1351 1670 Bithyniama

307 1711 390 1784 rege
403 1684 617 1775 Nicomede,
633 1683 678 1756 ab
692 1681 930 1757 Ariobarzane
945 1685 1231 1786 Cappadociam
1247 1711 1288 1757 ac
1303 1690 1351 1758 sic

260 1823 291 1875 13
308 1816 386 1872 erat
400 1802 481 1872 Asia
495 1826 613 1873 mrsus
627 1816 764 1892 nostra,
782 1817 823 1872 ut
838 1816 1013 1899 coeperat:
1030 1799 1255 1873 Mithridates
1271 1817 1351 1872 tan-

309 1932 383 1988 tum
401 1915 571 2016 repulsus.
592 1918 716 2017 ltaque
731 1943 804 1990 non
825 1915 931 2016 fregit
952 1942 993 1990 ea
1012 1943 1067 1990 res
1083 1919 1267 2005 Ponticos,
1289 1915 1352 1988 sed

308 2031 475 2105 incendit.
502 2035 648 2132 Quippe
669 2057 730 2104 rex
754 2034 835 2105 Asia
858 2047 894 2102 et
916 2033 1059 2128 Europa
1084 2028 1351 2128 quodammodo

309 2154 500 2239 inescatus,
515 2176 588 2222 non
598 2151 673 2248 jam
686 2153 785 2249 quasi
798 2147 968 2237 alienam,
983 2148 1062 2238 sed,
1078 2151 1160 2248 quia
1172 2152 1351 2236 amiserat,

310 2269 409 2363 quasi
426 2279 566 2362 raptam
580 2263 666 2336 belli
676 2264 757 2363 jure
770 2262 964 2363 repetebat.

308 2406 380 2479 plius
386 2411 473 2462 muris.
481 2409 520 2462 De
528 2408 568 2462 his
578 2409 706 2482 legendus
714 2411 809 2483 Appia·
851 2430 907 2479 nes,
920 2411 981 2482 667.
994 2411 1060 2464 Vide
1070 2408 1256 2475 Plutarchum,
1265 2409 1293 2460 in
1303 2409 1354 2458 vita

310 2506 360 2540 nus
366 2489 393 2538 in
400 2486 544 2541 Mithridat.
553 2489 663 2558 docens,
671 2491 704 2543 ab
711 2490 810 2542 Arche·
850 2493 938 2566 Sylla,
952 2493 1000 2544 ubi
1013 2491 1110 2544 Midias
1121 2504 1148 2543 et
1159 2488 1353 2560 Calliphontes,

310 2564 354 2619 lao
362 2568 407 2639 qui
415 2580 479 2619 tunc
486 2566 604 2621 Athenas
612 2568 733 2636 tenebat,
740 2570 810 2621 intra
850 2571 961 2642 genibus
970 2575 1026 2644 ejus
1037 2569 1156 2624 advoluti
1166 2569 1267 2622 veniam
1275 2565 1353 2620 Atho-

310 2645 420 2700 brachia
430 2647 503 2718 longi
511 2647 581 2702 illius
593 2651 675 2718 muri,
688 2667 741 2722 quo
754 2667 812 2701 mu·
852 2669 946 2704 narum
957 2652 1143 2722 deprecantur.

311 2728 381 2780 nitus
390 2741 449 2780 erat
458 2729 593 2800 Pyraeeus,
606 2729 657 2781 alia
670 2741 749 2802 atque
760 2727 811 2779 alia
891 2749 930 2783 ra.
941 2730 1207 2804 RecepitBythiniam
1217 2749 1233 2780 a
1244 2745 1300 2801 repe
1308 2728 1355 2780 Ni·

311 2809 812 2880 tranaversa,acrecensiactaopers,seu
853 2807 1234 2874 comede,etc.Adversariista
1243 2806 1355 2858 historiae

310 2887 490 2955 munimenta,
505 2887 737 2960 oppugnatoribus
749 2888 813 2939 fuis·
853 2907 902 2942 nee
910 2891 970 2942 itaa
978 2889 1057 2942 Floro
1065 2891 1179 2961 scripta,
1189 2888 1236 2941 sed
1243 2888 1357 2959 genuina

312 2965 814 3040 seobjecta.ExAppianoegregiever·
855 2971 911 3039 ejus
929 2967 1009 3022 verba
1025 2988 1073 3040 per
1091 2968 1214 3020 librarios
1231 2980 1357 3038 corrupta

311 3045 812 3102 baillastravitFloriGraeviusinnotis.
844 3065 927 3116 esse,
949 3048 1046 3100 eruditi
1065 3067 1158 3101 omnes
1180 3047 1355 3099 consentiunt.

312 3125 466 3179 Tan-ia
479 3129 611 3182 bonorem.
619 3168 639 3182 ..
652 3139 814 3182 mortuoram
854 3129 921 3180 Hine
929 3129 983 3198 jam
994 3127 1136 3180 Salmasius
1147 3129 1255 3180 tentavit
1265 3126 1357 3177 rescri-

312 3207 388 3258 saerr's
395 3207 709 3281 misfamoeqaedonaait.
719 3205 750 3259 ld
760 3217 814 3270 est,
854 3207 933 3260 bere:
950 3209 1056 3280 Recepit
1067 3207 1221 3278 Bithyniam
1237 3207 1291 3276 rapi
1304 3203 1356 3257 Ni-

312 3283 416 3336 veniam
424 3285 460 3336 eis
468 3283 555 3352 dedit,
568 3299 595 3337 et
603 3287 723 3357 pepercit
730 3283 765 3335 ob
775 3301 816 3335 ss·
854 3287 955 3340 comedi
959 3326 967 3354 ,
978 3287 1147 3340 Ariobarzani
1156 3283 1357 3356 Cappadociam.

314 3379 358 3414 era
370 3376 397 3413 et
407 3363 545 3432 pristinam
554 3367 683 3434 majorum
693 3363 813 3434 gloriam.
854 3367 939 3420 Aliter
953 3367 1048 3420 deinde
1063 3378 1185 3438 expertus
1201 3377 1239 3416 est
1254 3363 1359 3435 Lipsius

314 3438 394 3508 Quod
403 3451 492 3490 eutem
502 3439 598 3512 Syllam
609 3439 814 3493 Atheniensibus
854 3447 1050 3514 Electorumli,
1062 3465 1106 3516 19,
1114 3441 1257 3496 emendans
1267 3465 1273 3495 τ
1284 3445 1360 3496 Rece-

314 3521 466 3591 pepereisse
478 3517 541 3572 dicit
552 3522 659 3586 Florus,
671 3521 698 3572 id
708 3520 816 3573 deurbe
854 3529 896 3601 pit
913 3529 1067 3600 Bithyniam
1082 3548 1098 3578 a
1116 3545 1174 3599 repe
1190 3525 1358 3588 Nicomedes,

315 3598 470 3661 vanescat,
485 3599 609 3670 quamde
622 3599 739 3652 civibusa
756 3618 817 3651 nam
856 3607 1041 3660 Ariobarzanes
1068 3604 1269 3678 Cappadociam.
1295 3603 1358 3654 Tita.

314 3677 343 3728 ia
353 3675 403 3730 boe
415 3677 530 3747 primum
539 3680 602 3731 satis
614 3677 755 3731 crudeliter
765 3680 817 3730 vic·
859 3699 946 3737 aurem
965 3683 1107 3756 legendum
1128 3694 1235 3746 censet3
1257 3681 1361 3750 Recepit

316 3761 412 3812 toriam
419 3763 545 3823 exercuit,
558 3759 818 3835 uOnfitmaia-basse
859 3765 1027 3835 Bithyniam,
1042 3781 1100 3836 repe
1112 3761 1266 3824 Nicomede,
1284 3759 1361 3813 Ario-

315 3855 359 3891 Sttt'
369 3849 424 3892 toas
435 3837 471 3893 let
485 3837 604 3892 habitant
617 3841 663 3911 qui
676 3840 772 3891 dialem
785 3858 817 3890 ert
860 3845 969 3896 hamne
986 3843 1197 3916 Cappadociam
1210 3843 1245 3891 ita
1262 3837 1360 3892 intelll-

316 3917 432 3992 sipmnd
440 3920 558 3986 nombre,
569 3918 648 3993 qa'aa
661 3929 767 3991 rapport
777 3918 819 3970 des
859 3941 940 3994 gens:
956 3925 1066 3995 Recepit
1082 3921 1152 3995 Sylla
1170 3919 1318 3992 Bithyniam
1336 3931 1362 3971 et

319 3995 451 4051 historiens
467 3998 494 4050 la
507 3999 689 4070 plaee·devirtt
700 4017 737 4050 aa
751 4011 818 4051 vaste
858 4003 1072 4074 Cappadociam,
1086 4019 1117 4052 eo
1129 4013 1227 4071 pacto,
1240 4012 1269 4050 ut
1282 4015 1360 4070 regna

318 4074 394 4146 dtanp
409 4076 439 4126 de
449 4095 527 4149 serp,
541 4081 587 4151 qui
599 4081 746 4132 cristianae
759 4077 819 4131 telle
858 4083 909 4133 ista
922 4081 1015 4132 eodem
1029 4099 1083 4152 quo
1098 4093 1176 4132 antea
1185 4083 1245 4150 jure
1258 4076 1361 4128 obtine-

320 4152 444 4220 haatmr,
468 4156 535 4226 qu'ii
554 4177 579 4210 re
599 4160 707 4212 ddborda
720 4163 818 4230 jusque
858 4174 915 4212 rent
929 4160 1088 4212 Nicomedes
1101 4173 1126 4210 et
1143 4157 1341 4209 Ariobarzanes.

319 4231 383 4287 dam
394 4231 588 4308 lerfaahourpr.
600 4260 611 4286 r
625 4237 696 4290 Ana.
712 4239 817 4291 Romai-
