3156 4950
506 567 648 631 urana
671 569 934 636 suessanus.
1106 649 1113 660 ‚
1183 579 1241 664 187

206 687 402 778 quianemo
414 682 491 756 illos
502 685 570 759 hac
582 688 731 763 evadere
741 717 843 790 posse
855 692 1034 768 credebat.
1045 694 1131 769 lude
1143 703 1242 797 quasi
1263 715 1295 766 15

205 815 307 870 enata
320 799 435 874 subito
451 802 566 876 classis
581 809 713 902 erupit;
732 832 842 906 quum
858 813 999 882 iuterim
1010 812 1085 909 jam
1102 811 1241 904 diebus,

200 912 275 1009 jam
285 915 466 1006 noctibus,
478 943 570 990 nova
582 918 700 1021 aliqua
712 920 839 1012 moles,
853 949 944 994 nova
955 924 1136 1018 machina,
1148 955 1242 1002 nova

204 1031 425 1126 perditorum
445 1033 632 1107 hominum
648 1063 790 1127 manus,
809 1044 908 1138 quasi
924 1065 967 1112 ex
980 1041 1108 1115 obruto
1125 1048 1241 1117 incen-

205 1141 264 1214 dio
282 1147 398 1220 subita
414 1150 459 1221 de
474 1150 649 1223 cineribus
663 1152 823 1242 flamma,
842 1153 1021 1250 prodibat.
1042 1157 1241 1255 Deploratis
1262 1166 1295 1219 ¹6

204 1265 390 1334 novissime
406 1265 527 1355 rebus,
547 1265 779 1364 quadraginta
797 1293 834 1338 se
847 1266 958 1339 millia
971 1274 1128 1342 virorum
1144 1272 1240 1345 dedi·

203 1371 349 1464 derunt,
368 1378 468 1476 quod
483 1384 598 1450 minus
612 1379 752 1469 credas,
770 1381 861 1453 duce
873 1382 1081 1457 Asdrubale.
1098 1387 1240 1477 Quanto
1262 1409 1293 1463 ¹7

202 1486 327 1560 fortius
339 1490 489 1582 femina,
503 1511 539 1564 et
549 1520 638 1566 uxor
650 1494 764 1566 ducis!
779 1483 871 1594 quae,
882 1498 1144 1598 comprehensis
1155 1502 1241 1574 duo-

201 1602 267 1674 bus
279 1603 412 1695 liberis,
424 1633 443 1677 a
456 1608 609 1681 culmine
620 1636 656 1682 se
668 1609 793 1682 domus
803 1615 839 1682 in
851 1613 1008 1686 medium
1020 1621 1113 1688 misit
1125 1621 1240 1690 incen-

202 1717 318 1808 dium,
343 1709 478 1795 imitata
502 1729 675 1823 reginam,
697 1751 774 1825 quae
795 1725 1046 1827 Carthaginem
1067 1732 1237 1804 condidit.

202 1831 344 1922 Quanta
353 1837 436 1908 urbs
446 1837 562 1912 deleta
571 1845 625 1928 sit,
635 1857 675 1912 ut
684 1839 729 1912 de
739 1845 871 1934 cacteris
880 1844 1095 1934 taceam,vel
1105 1850 1238 1946 ignium
1260 1852 1291 1903 1⁸

191 2019 259 2089 ¹illas
272 2057 319 2090 nec
328 2043 433 2094 evadere
441 2061 513 2114 posse
524 2045 648 2100 credebat.
665 2045 697 2098 Et
737 2045 809 2097 Liu'o
817 2045 976 2112 Salinatore;
987 2049 1053 2101 alter
1062 2051 1083 2102 is
1093 2063 1133 2102 est
1142 2049 1175 2102 de
1184 2069 1237 2121 qno
1256 2053 1261 2060 ”

198 2111 242 2166 hic
250 2116 304 2185 jam
317 2120 500 2174 emendaverat
511 2123 653 2176 Salmasius
665 2143 697 2175 er
736 2122 860 2176 hocloco
873 2129 968 2196 agitur.
984 2152 995 2174 n
1009 2129 1051 2179 Cet
1063 2127 1165 2180 domme
1177 2133 1238 2181 vain

198 2191 261 2244 Naz.
277 2193 359 2258 libr03
373 2199 543 2273 probantque
556 2201 626 2254 hane
642 2201 697 2254 lec·
736 2204 817 2258 s'e‘tuit
838 2209 917 2259 vuntt‘
936 2205 1015 2281 qu'on
1039 2227 1072 2260 ne
1096 2209 1121 2261 le
1146 2212 1240 2262 verrait

199 2272 298 2324 tionem
312 2273 416 2345 Lipsius
432 2292 459 2330 et
473 2280 597 2334 Graevius.
611 2282 697 2334 Cona-
734 2286 810 2355 poiat
829 2286 941 2338 ucrvivre
958 2288 974 2338 et
994 2287 1020 2340 la
1039 2287 1113 2340 mine
1129 2289 1160 2340 de
1178 2289 1239 2342 Car·

197 2362 240 2416 tus
253 2365 292 2402 est
301 2364 388 2408 tamen
397 2357 518 2412 Dulterus
528 2380 588 2413 cum
597 2364 695 2434 Begero
736 2363 820 2436 tduqe.
839 2367 907 2418 Mais
923 2365 1040 2438 lorsqu¹il
1054 2366 1091 2417 uit
1104 2366 1128 2417 le
1142 2368 1239 2442 danqer

198 2427 339 2484 defendere
357 2437 419 2506 quia
437 2449 491 2508 pro¹
503 2457 562 2510 qua.
582 2439 633 2492 Sed
650 2440 697 2493 ab·
735 2447 848 2516 priserit,
861 2445 883 2498 it
892 2458 949 2500 orut
961 2467 1011 2520 que
1023 2446 1109 2500 c'etait
1122 2449 1137 2498 ri
1151 2467 1179 2501 sa
1187 2449 1237 2520 fa-

197 2503 271 2560 duxit
290 2513 524 2584 enumerantem,
542 2517 606 2572 illud
624 2521 696 2593 qnod
736 2523 811 2576 mille
827 2527 844 2576 ὰ
861 2529 988 2600 acquitter
1005 2545 1033 2580 sa
1050 2527 1150 2601 pamla.
1169 2527 1197 2579 Il
1211 2548 1237 2581 se

197 2585 323 2640 Graevium
347 2591 472 2664 impulit,
496 2611 526 2648 ut
550 2599 695 2664 indicaret,
737 2607 813 2658 retira
831 2612 993 2662 seerdtement
1015 2613 1107 2681 aupes
1128 2610 1159 2660 de
1181 2611 1236 2662 Sci-

195 2661 382 2736 frigeretotam
393 2672 695 2745 hujuslocisententiam
733 2689 811 2760 pion,
824 2689 870 2762 qui
886 2687 924 2742 lui
940 2691 1047 2744 eccardo
1063 2691 1088 2742 la
1102 2691 1150 2742 vie.
1167 2693 1202 2742 Et
1216 2691 1238 2741 it

196 2758 340 2820 utcumque
348 2751 429 2824 legas.
439 2755 527 2828 Atque
537 2777 591 2812 non
600 2762 696 2831 frigent
736 2769 811 2822 laissa
820 2789 866 2824 san
875 2773 969 2844 epouse
976 2784 1047 2824 entre
1057 2773 1093 2824 ies
1101 2774 1186 2824 maias
1195 2771 1238 2824 des

195 2825 293 2891 modo,
308 2829 354 2880 sed
367 2850 475 2885 noeane
487 2836 593 2906 quidem
607 2839 695 2892 eohae-
736 2850 879 2922 transfaqes
888 2853 1038 2904 Romaim.»
1050 2850 1150 2902 Annal.
1161 2852 1235 2903 Rom.

196 2907 326 2974 rentium,
334 2913 383 2961 nisi
393 2928 496 2966 mecum
506 2917 580 2969 aliter
587 2939 695 2989 prorsus
734 2929 819 2980 eunde
830 2930 890 2999 607.

196 2981 419 3056 interpuugae‚et
425 2994 621 3063 comprehensis
630 3001 696 3068 prio·
775 3025 814 3078 ¹7·
824 3011 862 3062 Et
868 3011 1019 3064 uxordueis.
1028 3012 1088 3061 Haec
1095 3009 1175 3060 verba
1184 3011 1238 3082 qui·

196 3061 270 3115 ribus
284 3081 315 3116 ac
329 3069 500 3137 sequentibus
512 3074 596 3126 verbis
607 3075 694 3146 legas:
735 3085 848 3138 busdam
859 3105 953 3158 parum
965 3099 1026 3158 apta
1037 3087 1091 3138 visa
1101 3099 1177 3139 sunt:
1191 3087 1237 3140 sed

195 3143 247 3196 Illi
254 3144 367 3198 altentm
376 3149 422 3200 sibi
428 3163 532 3220 portum
543 3155 640 3208 adalia
653 3157 698 3208 Ur·
736 3177 828 3215 contra
837 3178 884 3218 est.
892 3167 976 3217 Immo
986 3179 1012 3217 et
1018 3165 1143 3217 facinoris
1151 3163 1238 3236 digni·

197 3224 233 3280 bit
239 3225 458 3298 punefodmnt:
468 3250 515 3284 nec
523 3234 695 3307 utfisqereat:
737 3256 776 3296 tas
783 3261 815 3294 eo
823 3245 910 3314 maJ'or
917 3245 1067 3315 aliquanto,
1075 3244 1147 3315 quod
1156 3263 1237 3316 quum

196 3303 240 3354 sed
245 3322 300 3375 qua
309 3323 385 3359 nemo
396 3308 619 3366 illosneeeuadere
625 3335 698 3388 posse
736 3324 821 3375 fuerat
837 3341 906 3376 uxot·
918 3323 1008 3390 ducis,
1026 3327 1083 3396 ipsa
1100 3343 1161 3376 eum
1177 3327 1238 3377 imi-

196 3383 327 3452 credebat,
348 3388 410 3440 inde
430 3393 505 3462 quasi
521 3407 598 3447 enata
616 3397 696 3449 studita
736 3405 801 3468 tari,
819 3402 882 3454 dum
902 3395 1070 3472 se'dederet,
1092 3407 1237 3467 recusarit;

197 3459 281 3515 classis
295 3468 393 3538 erupit:
410 3489 491 3543 quum
508 3474 626 3545 interim,
645 3491 693 3530 ete.
736 3501 815 3556 seque
827 3485 929 3538 medius
941 3487 967 3537 in
980 3487 1053 3556 ignes
1067 3487 1173 3538 miserit.
1189 3487 1235 3536 En.

196 3539 240 3592 Sic
250 3543 329 3595 oredo
338 3561 398 3617 apte
409 3551 459 3604 sibi
470 3557 631 3628 respondent
643 3577 695 3632 quta
735 3563 830 3616 Duru.

197 3633 223 3672 et
232 3624 301 3688 inda·
309 3645 453 3704 sensusque
461 3640 693 3708 suspectissimus,
773 3649 812 3699 18.
831 3647 934 3718 Quanta
947 3649 1003 3700 urbs
1016 3647 1100 3700 deleta
1114 3648 1154 3698 sit.
1169 3647 1235 3697 Fra·

195 3699 294 3756 fodisse
301 3705 351 3757 sihi
359 3707 479 3765 obsessos
488 3715 567 3768 alium
576 3733 694 3788 portum,
734 3743 808 3792 utun,
817 3727 907 3798 Esprit
914 3727 945 3777 de
953 3725 968 3778 l‘
971 3725 1085 3789 histoire,
1095 3723 1168 3774 lettre
1174 3723 1202 3773 X
1202 3723 1229 3775 V
1228 3745 1236 3772 .-

196 3795 250 3832 non
269 3794 299 3833 ut
317 3785 480 3856 effugerent,
502 3794 548 3845 sed
568 3811 597 3848 ut
617 3800 694 3865 inde,
737 3803 891 3855 uL'laistoire
902 3805 933 3855 de
945 3813 1008 3854 cette
1019 3803 1134 3852 derniere
1146 3817 1237 3871 quem

195 3855 695 3938 undeminimeproriderentur,iuhos·
735 3883 814 3934 lteint
831 3893 886 3933 tout
901 3881 1070 3950 sinistraeque
1085 3879 1150 3930 celle
1163 3879 1194 3930 de
1210 3879 1236 3932 la

162 3993 165 4000 ¹
196 3950 234 3988 tes
247 3957 424 4012 erumperent.
435 3948 523 4000 Tri-is.
734 3961 839 4013 seconde
852 3961 970 4032 inspiruit
978 3976 1048 4032 pour
1058 3956 1095 4010 les
1103 3961 1234 4014 Romaim.

234 4019 274 4070 16.
301 4019 374 4073 Duce
400 4013 548 4080 Asdrubale.
583 4031 695 4084 Annibal
737 4041 902 4092 Cemussacre
911 4057 1017 4110 presque
1026 4038 1165 4105 ninivensi,
1179 4051 1237 4109 tavit

196 4093 262 4149 dnos
284 4098 377 4152 fratres
397 4100 528 4172 habebat,
552 4110 597 4180 qui
617 4111 695 4164 ambo
736 4119 778 4170 des
792 4118 920 4171 lectitanti
933 4138 981 4192 que
995 4119 1036 4170 des
1047 4115 1121 4170 attius
1132 4119 1163 4170 de
1175 4122 1235 4172 Gar·

196 4173 322 4230 Asdmtat
336 4182 515 4237 vocabantur:
531 4205 643 4258 quorum
657 4191 695 4242 al·
736 4197 827 4274 sinape,
847 4197 873 4248 la
890 4201 1011 4251 senuitnde
1027 4199 1059 4249 de
1074 4209 1131 4250 tout
1146 4200 1235 4270 ecqui

195 4267 236 4306 tar
255 4257 282 4308 in
302 4261 426 4336 Hispania
448 4269 551 4322 occisus
573 4271 660 4324 fuerat
680 4294 694 4326 a
735 4277 872 4350 delrappuit
885 4281 900 4330 ri
915 4279 941 4332 lu
956 4290 1037 4344 mort,
1053 4277 1190 4331 l'inrendie
1203 4277 1234 4334 de
