<?xml version="1.0" encoding="UTF-8"?>
<!DOCTYPE html PUBLIC "-//W3C//DTD XHTML 1.0 Transitional//EN"
    "http://www.w3.org/TR/xhtml1/DTD/xhtml1-transitional.dtd">
<html xmlns="http://www.w3.org/1999/xhtml" xml:lang="en" lang="en">
 <head>
  <title>
</title>
<meta http-equiv="Content-Type" content="text/html;charset=utf-8" />
  <meta name='ocr-system' content='tesseract 3.04.00' />
  <meta name='ocr-capabilities' content='ocr_page ocr_carea ocr_par ocr_line ocrx_word'/>
</head>
<body>
  <div class='ocr_page' id='page_1' title='image "./luciiannaeiflor00lemagoog_0333.png"; bbox 0 0 3108 4956; ppageno 0'>
   <div class='ocr_carea' id='block_1_1' title="bbox 341 435 1059 507">
    <p class='ocr_par' dir='ltr' id='par_1_1' title="bbox 341 435 1059 507">
     <span class='ocr_line' id='line_1_1' title="bbox 341 435 1059 507; baseline -0.011 0"><span class='ocrx_word' id='word_1_1' title='bbox 341 437 404 507; x_wconf 80' lang='lat'><strong>320</strong></span> <span class='ocrx_word' id='word_1_2' title='bbox 666 437 703 498; x_wconf 91' lang='lat' dir='ltr'><strong>L.</strong></span> <span class='ocrx_word' id='word_1_3' title='bbox 727 437 889 501; x_wconf 80' lang='lat' dir='ltr'>ANNAEI</span> <span class='ocrx_word' id='word_1_4' title='bbox 913 435 1059 501; x_wconf 81' lang='lat' dir='ltr'><strong>FLORI</strong></span> 
     </span>
    </p>
   </div>
   <div class='ocr_carea' id='block_1_2' title="bbox 332 553 1394 872">
    <p class='ocr_par' dir='ltr' id='par_1_2' title="bbox 332 553 1394 872">
     <span class='ocr_line' id='line_1_2' title="bbox 332 553 1394 661; baseline -0.001 -25"><span class='ocrx_word' id='word_1_5' title='bbox 332 553 439 638; x_wconf 86' lang='lat' dir='ltr'><strong>¹ribus</strong></span> <span class='ocrx_word' id='word_1_6' title='bbox 451 561 556 652; x_wconf 88' lang='lat' dir='ltr'><strong>solio,</strong></span> <span class='ocrx_word' id='word_1_7' title='bbox 565 561 666 661; x_wconf 85' lang='lat' dir='ltr'><strong>juxta</strong></span> <span class='ocrx_word' id='word_1_8' title='bbox 676 585 779 633; x_wconf 86' lang='lat' dir='ltr'><strong>suum</strong></span> <span class='ocrx_word' id='word_1_9' title='bbox 790 585 827 634; x_wconf 87' lang='lat' dir='ltr'><strong>se</strong></span> <span class='ocrx_word' id='word_1_10' title='bbox 841 558 1030 634; x_wconf 86' lang='lat' dir='ltr'><strong>collocavit</strong></span> <span class='ocrx_word' id='word_1_11' title='bbox 1041 561 1252 650; x_wconf 64' lang='lat' dir='ltr'><strong>Antonium</strong></span> <span class='ocrx_word' id='word_1_12' title='bbox 1264 559 1394 635; x_wconf 86' lang='lat' dir='ltr'><strong>admo-</strong></span> 
     </span>
     <span class='ocr_line' id='line_1_3' title="bbox 341 675 1390 779; baseline 0 -28"><span class='ocrx_word' id='word_1_13' title='bbox 341 682 456 779; x_wconf 88' lang='lat' dir='ltr'><strong>tisque</strong></span> <span class='ocrx_word' id='word_1_14' title='bbox 473 678 520 751; x_wconf 84' lang='lat' dir='ltr'><strong>ad</strong></span> <span class='ocrx_word' id='word_1_15' title='bbox 535 703 642 754; x_wconf 86' lang='lat' dir='ltr'><strong>venas</strong></span> <span class='ocrx_word' id='word_1_16' title='bbox 657 675 899 775; x_wconf 84' lang='lat' dir='ltr'><strong>serpentibus,</strong></span> <span class='ocrx_word' id='word_1_17' title='bbox 915 679 965 748; x_wconf 86' lang='lat' dir='ltr'><strong>sie</strong></span> <span class='ocrx_word' id='word_1_18' title='bbox 981 691 1113 766; x_wconf 88' lang='lat' dir='ltr'><strong>morte,</strong></span> <span class='ocrx_word' id='word_1_19' title='bbox 1129 679 1229 776; x_wconf 82' lang='lat' dir='ltr'><strong>quasi</strong></span> <span class='ocrx_word' id='word_1_20' title='bbox 1244 703 1390 767; x_wconf 86' lang='lat' dir='ltr'><strong>somno,</strong></span> 
     </span>
     <span class='ocr_line' id='line_1_4' title="bbox 342 795 532 872; baseline 0 -4"><span class='ocrx_word' id='word_1_21' title='bbox 342 795 457 872; x_wconf 89' lang='lat' dir='ltr'><strong>soluta</strong></span> <span class='ocrx_word' id='word_1_22' title='bbox 471 811 532 868; x_wconf 88' lang='lat' dir='ltr'><strong>est.</strong></span> 
     </span>
    </p>
   </div>
   <div class='ocr_carea' id='block_1_3' title="bbox 341 1069 1390 1096">
    <p class='ocr_par' dir='ltr' id='par_1_3' title="bbox 341 1069 1390 1096">
     <span class='ocr_line' id='line_1_5' title="bbox 341 1069 1390 1096; baseline -0.002 -2"><span class='ocrx_word' id='word_1_23' title='bbox 341 1069 1390 1096; x_wconf 57' lang='lat' dir='ltr'><strong>”mmmmmfflmmm</strong></span> 
     </span>
    </p>
   </div>
   <div class='ocr_carea' id='block_1_4' title="bbox 810 1275 912 1350">
    <p class='ocr_par' dir='ltr' id='par_1_4' title="bbox 810 1275 912 1350">
     <span class='ocr_line' id='line_1_6' title="bbox 810 1275 912 1350; baseline 0 0"><span class='ocrx_word' id='word_1_24' title='bbox 810 1275 912 1350; x_wconf 85' lang='grc' dir='ltr'><strong>ΧΗ.</strong></span> 
     </span>
    </p>
   </div>
   <div class='ocr_carea' id='block_1_5' title="bbox 375 1535 1355 1612">
    <p class='ocr_par' dir='ltr' id='par_1_5' title="bbox 375 1535 1355 1612">
     <span class='ocr_line' id='line_1_7' title="bbox 375 1535 1355 1612; baseline -0.004 0"><span class='ocrx_word' id='word_1_25' title='bbox 375 1539 541 1612; x_wconf 87' lang='lat' dir='ltr'><strong>BELLA</strong></span> <span class='ocrx_word' id='word_1_26' title='bbox 565 1537 835 1610; x_wconf 85' lang='lat' dir='ltr'><strong>ADVERSUS</strong></span> <span class='ocrx_word' id='word_1_27' title='bbox 860 1537 1062 1611; x_wconf 87' lang='lat' dir='ltr'><strong>GENTES</strong></span> <span class='ocrx_word' id='word_1_28' title='bbox 1086 1535 1355 1609; x_wconf 60' lang='lat' dir='ltr'><strong>autemst</strong></span> 
     </span>
    </p>
   </div>
   <div class='ocr_carea' id='block_1_6' title="bbox 226 1795 1389 2360">
    <p class='ocr_par' dir='ltr' id='par_1_6' title="bbox 226 1795 1389 2360">
     <span class='ocr_line' id='line_1_8' title="bbox 309 1795 1389 1902; baseline 0.005 -39"><span class='ocrx_word' id='word_1_29' title='bbox 309 1829 318 1863; x_wconf 88' lang='grc' dir='ltr'><strong>ι</strong></span> <span class='ocrx_word' id='word_1_30' title='bbox 389 1801 457 1870; x_wconf 91' lang='lat' dir='ltr'><strong>Hic</strong></span> <span class='ocrx_word' id='word_1_31' title='bbox 471 1797 550 1870; x_wconf 83' lang='lat' dir='ltr'><strong>finis</strong></span> <span class='ocrx_word' id='word_1_32' title='bbox 564 1823 747 1872; x_wconf 87' lang='lat' dir='ltr'><strong>armorum</strong></span> <span class='ocrx_word' id='word_1_33' title='bbox 762 1797 937 1902; x_wconf 78' lang='lat' dir='ltr'><strong>civilium:</strong></span> <span class='ocrx_word' id='word_1_34' title='bbox 955 1797 1091 1900; x_wconf 88' lang='lat' dir='ltr'><strong>reliqua</strong></span> <span class='ocrx_word' id='word_1_35' title='bbox 1109 1795 1275 1870; x_wconf 85' lang='lat' dir='ltr'><strong>adversus</strong></span> <span class='ocrx_word' id='word_1_36' title='bbox 1292 1812 1389 1869; x_wconf 84' lang='lat' dir='ltr'><strong>exte-</strong></span> 
     </span>
     <span class='ocr_line' id='line_1_9' title="bbox 340 1911 1388 2014; baseline -0.001 -29"><span class='ocrx_word' id='word_1_37' title='bbox 340 1939 396 1986; x_wconf 88' lang='lat' dir='ltr'><strong>ras</strong></span> <span class='ocrx_word' id='word_1_38' title='bbox 414 1928 554 2013; x_wconf 75' lang='lat' dir='ltr'><strong>gentes:</strong></span> <span class='ocrx_word' id='word_1_39' title='bbox 575 1937 654 2014; x_wconf 86' lang='lat' dir='ltr'><strong>quae</strong></span> <span class='ocrx_word' id='word_1_40' title='bbox 670 1913 830 1986; x_wconf 88' lang='lat' dir='ltr'><strong>districto</strong></span> <span class='ocrx_word' id='word_1_41' title='bbox 850 1918 946 1987; x_wconf 87' lang='lat' dir='ltr'><strong>circa</strong></span> <span class='ocrx_word' id='word_1_42' title='bbox 959 1913 1054 1988; x_wconf 88' lang='lat' dir='ltr'><strong>mala</strong></span> <span class='ocrx_word' id='word_1_43' title='bbox 1067 1939 1129 1986; x_wconf 84' lang='lat' dir='ltr'><strong>sua</strong></span> <span class='ocrx_word' id='word_1_44' title='bbox 1147 1915 1313 2012; x_wconf 85' lang='lat' dir='ltr'><strong>imperio,</strong></span> <span class='ocrx_word' id='word_1_45' title='bbox 1332 1911 1388 1984; x_wconf 94' lang='lat' dir='ltr'><strong>di-</strong></span> 
     </span>
     <span class='ocr_line' id='line_1_10' title="bbox 306 2023 1387 2128; baseline -0.007 -22"><span class='ocrx_word' id='word_1_46' title='bbox 306 2071 320 2106; x_wconf 77' lang='lat'>2</span> <span class='ocrx_word' id='word_1_47' title='bbox 339 2031 447 2101; x_wconf 87' lang='lat' dir='ltr'><strong>versis</strong></span> <span class='ocrx_word' id='word_1_48' title='bbox 459 2024 555 2100; x_wconf 89' lang='lat' dir='ltr'><strong>orbis</strong></span> <span class='ocrx_word' id='word_1_49' title='bbox 568 2031 638 2099; x_wconf 86' lang='lat' dir='ltr'><strong>oris</strong></span> <span class='ocrx_word' id='word_1_50' title='bbox 651 2026 862 2123; x_wconf 74' lang='lat' dir='ltr'><strong>emicabant.</strong></span> <span class='ocrx_word' id='word_1_51' title='bbox 874 2030 976 2101; x_wconf 88' lang='lat' dir='ltr'><strong>Nova</strong></span> <span class='ocrx_word' id='word_1_52' title='bbox 986 2031 1120 2128; x_wconf 87' lang='lat' dir='ltr'>quippe</span> <span class='ocrx_word' id='word_1_53' title='bbox 1132 2054 1219 2126; x_wconf 88' lang='lat' dir='ltr'><strong>pax:</strong></span> <span class='ocrx_word' id='word_1_54' title='bbox 1233 2023 1387 2100; x_wconf 86' lang='lat' dir='ltr'><strong>necdum</strong></span> 
     </span>
     <span class='ocr_line' id='line_1_11' title="bbox 340 2142 1386 2244; baseline -0.001 -27"><span class='ocrx_word' id='word_1_55' title='bbox 340 2160 483 2218; x_wconf 80' lang='lat' dir='ltr'><strong>assuetae</strong></span> <span class='ocrx_word' id='word_1_56' title='bbox 508 2142 618 2217; x_wconf 87' lang='lat' dir='ltr'><strong>frenis</strong></span> <span class='ocrx_word' id='word_1_57' title='bbox 640 2149 815 2218; x_wconf 87' lang='lat' dir='ltr'><strong>servitutis</strong></span> <span class='ocrx_word' id='word_1_58' title='bbox 839 2143 984 2218; x_wconf 87' lang='lat' dir='ltr'><strong>tumidae</strong></span> <span class='ocrx_word' id='word_1_59' title='bbox 1006 2149 1166 2244; x_wconf 75' lang='lat' dir='ltr'><strong>gentium</strong></span> <span class='ocrx_word' id='word_1_60' title='bbox 1188 2143 1386 2243; x_wconf 74' lang='lat' dir='ltr'><strong>inflataeque</strong></span> 
     </span>
     <span class='ocr_line' id='line_1_12' title="bbox 226 2249 1187 2360; baseline 0.001 -30"><span class='ocrx_word' id='word_1_61' title='bbox 226 2301 228 2308; x_wconf 86' lang='lat'><em>·</em></span> <span class='ocrx_word' id='word_1_62' title='bbox 339 2263 494 2332; x_wconf 89' lang='lat' dir='ltr'><strong>cervices</strong></span> <span class='ocrx_word' id='word_1_63' title='bbox 506 2257 552 2331; x_wconf 92' lang='lat' dir='ltr'><strong>ab</strong></span> <span class='ocrx_word' id='word_1_64' title='bbox 565 2263 731 2358; x_wconf 89' lang='lat' dir='ltr'><strong>imposito</strong></span> <span class='ocrx_word' id='word_1_65' title='bbox 748 2285 864 2358; x_wconf 90' lang='lat' dir='ltr'><strong>nuper</strong></span> <span class='ocrx_word' id='word_1_66' title='bbox 870 2261 958 2360; x_wconf 74' lang='lat' dir='ltr'><strong>jugo</strong></span> <span class='ocrx_word' id='word_1_67' title='bbox 973 2249 1187 2333; x_wconf 78' lang='lat' dir='ltr'><strong>resiliebant.</strong></span> 
     </span>
    </p>
   </div>
   <div class='ocr_carea' id='block_1_7' title="bbox 304 2368 1387 2475">
    <p class='ocr_par' dir='ltr' id='par_1_7' title="bbox 304 839 1546 4338">
     <span class='ocr_line' id='line_1_13' title="bbox 304 2368 1387 2475; baseline 0.004 -34"><span class='ocrx_word' id='word_1_68' title='bbox 304 2389 320 2440; x_wconf 84' lang='grc'>3</span> <span class='ocrx_word' id='word_1_69' title='bbox 387 2368 444 2443; x_wconf 89' lang='lat' dir='ltr'><strong>Ad</strong></span> <span class='ocrx_word' id='word_1_70' title='bbox 460 2373 759 2470; x_wconf 77' lang='lat' dir='ltr'><strong>septemtrionem</strong></span> <span class='ocrx_word' id='word_1_71' title='bbox 782 2399 952 2448; x_wconf 87' lang='lat' dir='ltr'><strong>conversa</strong></span> <span class='ocrx_word' id='word_1_72' title='bbox 967 2373 1080 2448; x_wconf 88' lang='lat' dir='ltr'><strong>ferme</strong></span> <span class='ocrx_word' id='word_1_73' title='bbox 1105 2373 1211 2475; x_wconf 78' lang='lat' dir='ltr'><strong>plaga</strong></span> <span class='ocrx_word' id='word_1_74' title='bbox 1232 2372 1387 2447; x_wconf 86' lang='lat' dir='ltr'><strong>ferocius</strong></span> 
     </span>
    </p>
   </div>
   <div class='ocr_carea' id='block_1_8' title="bbox 303 2484 1387 2817">
    <p class='ocr_par' dir='ltr' id='par_1_8' title="bbox 303 2484 1387 2817">
     <span class='ocr_line' id='line_1_14' title="bbox 340 2484 1385 2586; baseline 0.001 -28"><span class='ocrx_word' id='word_1_75' title='bbox 340 2484 485 2584; x_wconf 74' lang='lat' dir='ltr'><strong>agebat:</strong></span> <span class='ocrx_word' id='word_1_76' title='bbox 514 2485 657 2575; x_wconf 88' lang='lat' dir='ltr'><strong>Norici,</strong></span> <span class='ocrx_word' id='word_1_77' title='bbox 683 2485 814 2586; x_wconf 86' lang='lat' dir='ltr'><strong>Illyrii,</strong></span> <span class='ocrx_word' id='word_1_78' title='bbox 839 2491 1033 2581; x_wconf 89' lang='lat' dir='ltr'><strong>Pannonii,</strong></span> <span class='ocrx_word' id='word_1_79' title='bbox 1056 2487 1246 2577; x_wconf 71' lang='lat' dir='ltr'><strong>Dalmata,</strong></span> <span class='ocrx_word' id='word_1_80' title='bbox 1272 2489 1385 2586; x_wconf 88' lang='lat' dir='ltr'><strong>Mysi,</strong></span> 
     </span>
     <span class='ocr_line' id='line_1_15' title="bbox 303 2597 1387 2704; baseline 0.003 -34"><span class='ocrx_word' id='word_1_81' title='bbox 303 2622 320 2689; x_wconf 78' lang='lat'><strong><em>4</em></strong></span> <span class='ocrx_word' id='word_1_82' title='bbox 337 2597 493 2671; x_wconf 87' lang='lat' dir='ltr'><strong>Thraces</strong></span> <span class='ocrx_word' id='word_1_83' title='bbox 505 2615 540 2671; x_wconf 87' lang='lat' dir='ltr'><strong>et</strong></span> <span class='ocrx_word' id='word_1_84' title='bbox 552 2601 656 2690; x_wconf 87' lang='lat' dir='ltr'><strong>Daci,</strong></span> <span class='ocrx_word' id='word_1_85' title='bbox 670 2601 838 2675; x_wconf 81' lang='lat' dir='ltr'><strong>Sarmatae</strong></span> <span class='ocrx_word' id='word_1_86' title='bbox 850 2619 956 2704; x_wconf 88' lang='lat' dir='ltr'><strong>atque</strong></span> <span class='ocrx_word' id='word_1_87' title='bbox 969 2606 1150 2677; x_wconf 87' lang='lat' dir='ltr'><strong>Germani.</strong></span> <span class='ocrx_word' id='word_1_88' title='bbox 1162 2604 1299 2675; x_wconf 87' lang='lat' dir='ltr'><strong>Noricis</strong></span> <span class='ocrx_word' id='word_1_89' title='bbox 1312 2607 1387 2674; x_wconf 88' lang='lat' dir='ltr'><strong>ani-</strong></span> 
     </span>
     <span class='ocr_line' id='line_1_16' title="bbox 337 2711 1386 2817; baseline 0.004 -33"><span class='ocrx_word' id='word_1_90' title='bbox 337 2738 415 2785; x_wconf 90' lang='lat' dir='ltr'><strong>mos</strong></span> <span class='ocrx_word' id='word_1_91' title='bbox 430 2711 564 2786; x_wconf 88' lang='lat' dir='ltr'><strong>dabant</strong></span> <span class='ocrx_word' id='word_1_92' title='bbox 577 2711 684 2811; x_wconf 81' lang='lat' dir='ltr'><strong>Alpes</strong></span> <span class='ocrx_word' id='word_1_93' title='bbox 696 2730 732 2786; x_wconf 90' lang='lat' dir='ltr'><strong>et</strong></span> <span class='ocrx_word' id='word_1_94' title='bbox 745 2718 857 2808; x_wconf 84' lang='lat' dir='ltr'><strong>nives,</strong></span> <span class='ocrx_word' id='word_1_95' title='bbox 872 2743 943 2816; x_wconf 92' lang='lat' dir='ltr'><strong>quo</strong></span> <span class='ocrx_word' id='word_1_96' title='bbox 957 2717 1093 2791; x_wconf 89' lang='lat' dir='ltr'><strong>bellum</strong></span> <span class='ocrx_word' id='word_1_97' title='bbox 1107 2745 1181 2791; x_wconf 93' lang='lat' dir='ltr'><strong>non</strong></span> <span class='ocrx_word' id='word_1_98' title='bbox 1196 2733 1317 2817; x_wconf 87' lang='lat' dir='ltr'><strong>posset</strong></span> <span class='ocrx_word' id='word_1_99' title='bbox 1327 2715 1386 2788; x_wconf 92' lang='lat' dir='ltr'><strong>ad·</strong></span> 
     </span>
    </p>
   </div>
   <div class='ocr_carea' id='block_1_9' title="bbox 286 2881 1388 4228">
    <p class='ocr_par' dir='ltr' id='par_1_9' title="bbox 286 2881 1388 4228">
     <span class='ocr_line' id='line_1_17' title="bbox 373 2881 1385 2960; baseline 0.002 -26"><span class='ocrx_word' id='word_1_100' title='bbox 373 2882 383 2902; x_wconf 81' lang='lat'>⁸</span> <span class='ocrx_word' id='word_1_101' title='bbox 394 2882 453 2934; x_wconf 77' lang='lat' dir='ltr'><strong>Cea.</strong></span> <span class='ocrx_word' id='word_1_102' title='bbox 464 2884 521 2936; x_wconf 79' lang='lat' dir='ltr'><strong>xil.</strong></span> <span class='ocrx_word' id='word_1_103' title='bbox 534 2881 617 2936; x_wconf 75' lang='lat' dir='ltr'><strong>Butae</strong></span> <span class='ocrx_word' id='word_1_104' title='bbox 628 2899 753 2936; x_wconf 72' lang='lat' dir='ltr'><strong>novamus</strong></span> <span class='ocrx_word' id='word_1_105' title='bbox 764 2901 842 2938; x_wconf 70' lang='lat' dir='ltr'><strong>urn-</strong></span> <span class='ocrx_word' id='word_1_106' title='bbox 881 2905 943 2939; x_wconf 82' lang='lat' dir='ltr'><strong>mox</strong></span> <span class='ocrx_word' id='word_1_107' title='bbox 953 2886 1062 2960; x_wconf 71' lang='lat' dir='ltr'><strong>Antonii</strong></span> <span class='ocrx_word' id='word_1_108' title='bbox 1073 2887 1139 2956; x_wconf 81' lang='lat' dir='ltr'><strong>Sne,</strong></span> <span class='ocrx_word' id='word_1_109' title='bbox 1150 2907 1192 2941; x_wconf 80' lang='lat' dir='ltr'><strong>rer</strong></span> <span class='ocrx_word' id='word_1_110' title='bbox 1203 2899 1325 2940; x_wconf 79' lang='lat' dir='ltr'><strong>externus</strong></span> <span class='ocrx_word' id='word_1_111' title='bbox 1336 2903 1385 2956; x_wconf 86' lang='lat' dir='ltr'><strong>per</strong></span> 
     </span>
     <span class='ocr_line' id='line_1_18' title="bbox 336 2959 1384 3039; baseline 0.008 -27"><span class='ocrx_word' id='word_1_112' title='bbox 336 2976 381 3013; x_wconf 79' lang='lat' dir='ltr'><strong>att</strong></span> <span class='ocrx_word' id='word_1_113' title='bbox 393 2975 497 3015; x_wconf 75' lang='lat' dir='ltr'><strong>cattas.</strong></span> <span class='ocrx_word' id='word_1_114' title='bbox 508 2960 572 3028; x_wconf 66' lang='lat' dir='ltr'><strong>Quae</strong></span> <span class='ocrx_word' id='word_1_115' title='bbox 584 2959 636 3013; x_wconf 89' lang='lat' dir='ltr'><strong>hoc</strong></span> <span class='ocrx_word' id='word_1_116' title='bbox 648 2959 741 3013; x_wconf 89' lang='lat' dir='ltr'><strong>ultimo</strong></span> <span class='ocrx_word' id='word_1_117' title='bbox 753 2965 840 3035; x_wconf 83' lang='lat' dir='ltr'><strong>capite</strong></span> <span class='ocrx_word' id='word_1_118' title='bbox 880 2967 954 3020; x_wconf 83' lang='lat' dir='ltr'><strong>illum</strong></span> <span class='ocrx_word' id='word_1_119' title='bbox 966 2983 1054 3039; x_wconf 73' lang='lat' dir='ltr'><strong>gestat</strong></span> <span class='ocrx_word' id='word_1_120' title='bbox 1069 2967 1224 3022; x_wconf 84' lang='lat' dir='ltr'><strong>adcuratius</strong></span> <span class='ocrx_word' id='word_1_121' title='bbox 1236 2968 1384 3039; x_wconf 71' lang='lat' dir='ltr'><strong>distingue·</strong></span> 
     </span>
     <span class='ocr_line' id='line_1_19' title="bbox 336 3039 1382 3122; baseline 0.004 -27"><span class='ocrx_word' id='word_1_122' title='bbox 336 3041 429 3095; x_wconf 82' lang='lat' dir='ltr'><strong>scribit</strong></span> <span class='ocrx_word' id='word_1_123' title='bbox 441 3041 549 3109; x_wconf 85' lang='lat' dir='ltr'><strong>Florus,</strong></span> <span class='ocrx_word' id='word_1_124' title='bbox 564 3039 698 3096; x_wconf 83' lang='lat' dir='ltr'><strong>habentur</strong></span> <span class='ocrx_word' id='word_1_125' title='bbox 714 3061 840 3115; x_wconf 86' lang='lat' dir='ltr'><strong>compen·</strong></span> <span class='ocrx_word' id='word_1_126' title='bbox 880 3047 1382 3122; x_wconf 74' lang='lat' dir='ltr'><strong>retebhisrehus,quaeGaesarisAugu-</strong></span> 
     </span>
     <span class='ocr_line' id='line_1_20' title="bbox 336 3120 1380 3200; baseline 0.004 -27"><span class='ocrx_word' id='word_1_127' title='bbox 336 3120 410 3175; x_wconf 90' lang='lat' dir='ltr'><strong>diose</strong></span> <span class='ocrx_word' id='word_1_128' title='bbox 425 3141 440 3174; x_wconf 80' lang='lat' dir='ltr'><strong>t</strong></span> <span class='ocrx_word' id='word_1_129' title='bbox 456 3122 597 3190; x_wconf 85' lang='lat' dir='ltr'><strong>Suetonio,</strong></span> <span class='ocrx_word' id='word_1_130' title='bbox 613 3121 748 3194; x_wconf 74' lang='lat' dir='ltr'><strong>Augusto,</strong></span> <span class='ocrx_word' id='word_1_131' title='bbox 767 3142 800 3177; x_wconf 81' lang='lat' dir='ltr'><strong>ao</strong></span> <span class='ocrx_word' id='word_1_132' title='bbox 814 3138 841 3178; x_wconf 86' lang='lat' dir='ltr'><strong>et</strong></span> <span class='ocrx_word' id='word_1_133' title='bbox 881 3129 915 3178; x_wconf 86' lang='lat' dir='ltr'><strong>sti</strong></span> <span class='ocrx_word' id='word_1_134' title='bbox 926 3125 1009 3180; x_wconf 82' lang='lat' dir='ltr'><strong>ductu</strong></span> <span class='ocrx_word' id='word_1_135' title='bbox 1021 3140 1068 3180; x_wconf 84' lang='lat' dir='ltr'><strong>aut</strong></span> <span class='ocrx_word' id='word_1_136' title='bbox 1081 3129 1207 3200; x_wconf 82' lang='lat' dir='ltr'><strong>auspiciis</strong></span> <span class='ocrx_word' id='word_1_137' title='bbox 1217 3140 1297 3198; x_wconf 67' lang='lat' dir='ltr'><strong>geste</strong></span> <span class='ocrx_word' id='word_1_138' title='bbox 1310 3138 1380 3178; x_wconf 84' lang='lat' dir='ltr'><strong>tunt.</strong></span> 
     </span>
     <span class='ocr_line' id='line_1_21' title="bbox 338 3201 969 3274; baseline 0.005 -21"><span class='ocrx_word' id='word_1_139' title='bbox 338 3201 837 3274; x_wconf 76' lang='lat' dir='ltr'><strong>215LivioCXXX11etseqq.;Eutrop.</strong></span> <span class='ocrx_word' id='word_1_140' title='bbox 880 3205 969 3258; x_wconf 79' lang='lat' dir='ltr'><strong>Ttrzn.</strong></span> 
     </span>
     <span class='ocr_line' id='line_1_22' title="bbox 334 3281 1385 3354; baseline 0.004 -24"><span class='ocrx_word' id='word_1_141' title='bbox 334 3281 396 3345; x_wconf 87' lang='lat' dir='ltr'><strong>Vll,</strong></span> <span class='ocrx_word' id='word_1_142' title='bbox 415 3297 429 3331; x_wconf 80' lang='lat' dir='ltr'><strong>a</strong></span> <span class='ocrx_word' id='word_1_143' title='bbox 447 3293 473 3331; x_wconf 87' lang='lat' dir='ltr'><strong>et</strong></span> <span class='ocrx_word' id='word_1_144' title='bbox 484 3299 572 3352; x_wconf 80' lang='lat' dir='ltr'><strong>seqq.;</strong></span> <span class='ocrx_word' id='word_1_145' title='bbox 587 3282 665 3334; x_wconf 75' lang='lat' dir='ltr'><strong>Oros.</strong></span> <span class='ocrx_word' id='word_1_146' title='bbox 682 3282 730 3346; x_wconf 85' lang='lat' dir='ltr'><strong>Vi,</strong></span> <span class='ocrx_word' id='word_1_147' title='bbox 749 3298 795 3350; x_wconf 84' lang='lat'><strong>17,</strong></span> <span class='ocrx_word' id='word_1_148' title='bbox 807 3299 839 3334; x_wconf 85' lang='lat' dir='ltr'><strong>ac</strong></span> <span class='ocrx_word' id='word_1_149' title='bbox 917 3301 941 3336; x_wconf 84' lang='lat' dir='ltr'><strong>a.</strong></span> <span class='ocrx_word' id='word_1_150' title='bbox 956 3284 1076 3338; x_wconf 82' lang='lat' dir='ltr'><strong>Necdum</strong></span> <span class='ocrx_word' id='word_1_151' title='bbox 1089 3296 1195 3338; x_wconf 70' lang='lat' dir='ltr'><strong>assum</strong></span> <span class='ocrx_word' id='word_1_152' title='bbox 1205 3282 1292 3354; x_wconf 81' lang='lat' dir='ltr'><strong>frenis</strong></span> <span class='ocrx_word' id='word_1_153' title='bbox 1303 3283 1385 3334; x_wconf 79' lang='lat' dir='ltr'><strong>tervi-</strong></span> 
     </span>
     <span class='ocr_line' id='line_1_23' title="bbox 336 3359 1385 3439; baseline 0.002 -29"><span class='ocrx_word' id='word_1_154' title='bbox 336 3359 470 3430; x_wconf 88' lang='lat' dir='ltr'><strong>deinceps.</strong></span> <span class='ocrx_word' id='word_1_155' title='bbox 881 3361 1385 3439; x_wconf 78' lang='lat' dir='ltr'><strong>tutistumidoeinflotoequeeetuices,ete.</strong></span> 
     </span>
     <span class='ocr_line' id='line_1_24' title="bbox 375 3437 1386 3513; baseline 0.004 -25"><span class='ocrx_word' id='word_1_156' title='bbox 375 3453 397 3490; x_wconf 83' lang='lat' dir='ltr'><strong>t.</strong></span> <span class='ocrx_word' id='word_1_157' title='bbox 410 3437 520 3510; x_wconf 79' lang='lat' dir='ltr'><strong>Reliqua</strong></span> <span class='ocrx_word' id='word_1_158' title='bbox 533 3437 651 3492; x_wconf 75' lang='lat' dir='ltr'><strong>advertus</strong></span> <span class='ocrx_word' id='word_1_159' title='bbox 664 3451 761 3494; x_wconf 74' lang='lat' dir='ltr'><strong>extem</strong></span> <span class='ocrx_word' id='word_1_160' title='bbox 773 3460 839 3513; x_wconf 72' lang='lat' dir='ltr'><strong>pen·</strong></span> <span class='ocrx_word' id='word_1_161' title='bbox 880 3442 1001 3510; x_wconf 83' lang='lat' dir='ltr'><strong>Tacitus,</strong></span> <span class='ocrx_word' id='word_1_162' title='bbox 1012 3445 1037 3509; x_wconf 88' lang='grc' dir='ltr'><strong>Ι,</strong></span> <span class='ocrx_word' id='word_1_163' title='bbox 1050 3445 1080 3510; x_wconf 88' lang='lat'><strong>8,</strong></span> <span class='ocrx_word' id='word_1_164' title='bbox 1093 3460 1139 3510; x_wconf 86' lang='grc' dir='ltr'><strong>ιι,</strong></span> <span class='ocrx_word' id='word_1_165' title='bbox 1156 3439 1292 3494; x_wconf 72' lang='lat' dir='ltr'><strong>«crudum</strong></span> <span class='ocrx_word' id='word_1_166' title='bbox 1307 3440 1386 3493; x_wconf 82' lang='lat' dir='ltr'><strong>servi·</strong></span> 
     </span>
     <span class='ocr_line' id='line_1_25' title="bbox 336 3517 1384 3595; baseline 0.004 -27"><span class='ocrx_word' id='word_1_167' title='bbox 336 3527 379 3568; x_wconf 80' lang='lat' dir='ltr'><strong>tet.</strong></span> <span class='ocrx_word' id='word_1_168' title='bbox 397 3517 523 3568; x_wconf 79' lang='lat' dir='ltr'><strong>Attamen</strong></span> <span class='ocrx_word' id='word_1_169' title='bbox 540 3529 567 3568; x_wconf 86' lang='lat' dir='ltr'><strong>et</strong></span> <span class='ocrx_word' id='word_1_170' title='bbox 581 3517 608 3568; x_wconf 92' lang='lat' dir='ltr'><strong>in</strong></span> <span class='ocrx_word' id='word_1_171' title='bbox 624 3517 758 3588; x_wconf 84' lang='lat' dir='ltr'><strong>prioribus</strong></span> <span class='ocrx_word' id='word_1_172' title='bbox 769 3518 838 3574; x_wconf 77' lang='lat' dir='ltr'><strong>bella</strong></span> <span class='ocrx_word' id='word_1_173' title='bbox 884 3523 993 3574; x_wconf 71' lang='lat' dir='ltr'><strong>etium·</strong></span> <span class='ocrx_word' id='word_1_174' title='bbox 1012 3521 1137 3595; x_wconf 77' lang='lat' dir='ltr'><strong>appellat.</strong></span> <span class='ocrx_word' id='word_1_175' title='bbox 1156 3523 1275 3588; x_wconf 83' lang='lat' dir='ltr'><strong>Curtius,</strong></span> <span class='ocrx_word' id='word_1_176' title='bbox 1288 3522 1338 3586; x_wconf 84' lang='lat' dir='ltr'><strong>vl,</strong></span> <span class='ocrx_word' id='word_1_177' title='bbox 1352 3520 1384 3586; x_wconf 83' lang='lat'><strong>3,</strong></span> 
     </span>
     <span class='ocr_line' id='line_1_26' title="bbox 286 3592 1386 3673; baseline 0.006 -25"><span class='ocrx_word' id='word_1_178' title='bbox 286 3625 287 3628; x_wconf 61' lang='lat'><em>=</em></span> <span class='ocrx_word' id='word_1_179' title='bbox 335 3592 457 3648; x_wconf 84' lang='lat' dir='ltr'><strong>Parthica</strong></span> <span class='ocrx_word' id='word_1_180' title='bbox 467 3593 546 3648; x_wconf 88' lang='lat' dir='ltr'><strong>rebus</strong></span> <span class='ocrx_word' id='word_1_181' title='bbox 557 3596 650 3648; x_wconf 84' lang='lat' dir='ltr'><strong>exteris</strong></span> <span class='ocrx_word' id='word_1_182' title='bbox 662 3594 741 3668; x_wconf 85' lang='lat' dir='ltr'><strong>hujus</strong></span> <span class='ocrx_word' id='word_1_183' title='bbox 750 3599 840 3652; x_wconf 80' lang='lat' dir='ltr'><strong>saeculi</strong></span> <span class='ocrx_word' id='word_1_184' title='bbox 880 3601 912 3656; x_wconf 64' lang='grc' dir='ltr'><strong>ὃς</strong></span> <span class='ocrx_word' id='word_1_185' title='bbox 934 3603 984 3654; x_wconf 75' lang='lat' dir='ltr'><strong>«In</strong></span> <span class='ocrx_word' id='word_1_186' title='bbox 1000 3620 1084 3668; x_wconf 75' lang='lat' dir='ltr'><strong>novo,</strong></span> <span class='ocrx_word' id='word_1_187' title='bbox 1104 3615 1131 3654; x_wconf 90' lang='lat' dir='ltr'><strong>et</strong></span> <span class='ocrx_word' id='word_1_188' title='bbox 1144 3601 1186 3673; x_wconf 87' lang='lat' dir='ltr'><strong>(ti</strong></span> <span class='ocrx_word' id='word_1_189' title='bbox 1200 3619 1290 3654; x_wconf 82' lang='lat' dir='ltr'><strong>verum</strong></span> <span class='ocrx_word' id='word_1_190' title='bbox 1307 3601 1386 3652; x_wconf 77' lang='lat' dir='ltr'><strong>fateri</strong></span> 
     </span>
     <span class='ocr_line' id='line_1_27' title="bbox 335 3674 1385 3754; baseline 0.001 -24"><span class='ocrx_word' id='word_1_191' title='bbox 335 3675 488 3730; x_wconf 84' lang='lat' dir='ltr'><strong>adcenseat.</strong></span> <span class='ocrx_word' id='word_1_192' title='bbox 501 3675 554 3729; x_wconf 88' lang='lat' dir='ltr'><strong>Sed</strong></span> <span class='ocrx_word' id='word_1_193' title='bbox 567 3674 612 3728; x_wconf 78' lang='lat' dir='ltr'><strong>illa</strong></span> <span class='ocrx_word' id='word_1_194' title='bbox 626 3691 720 3730; x_wconf 83' lang='lat' dir='ltr'><strong>auctor</strong></span> <span class='ocrx_word' id='word_1_195' title='bbox 731 3679 840 3732; x_wconf 84' lang='lat' dir='ltr'><strong>consui·</strong></span> <span class='ocrx_word' id='word_1_196' title='bbox 883 3679 1043 3754; x_wconf 71' lang='lat' dir='ltr'><strong>evolamus)</strong></span> <span class='ocrx_word' id='word_1_197' title='bbox 1060 3681 1179 3754; x_wconf 82' lang='lat' dir='ltr'><strong>precario</strong></span> <span class='ocrx_word' id='word_1_198' title='bbox 1193 3681 1320 3754; x_wconf 87' lang='lat' dir='ltr'><strong>imperio,</strong></span> <span class='ocrx_word' id='word_1_199' title='bbox 1337 3677 1385 3732; x_wconf 85' lang='lat' dir='ltr'><strong>ed-</strong></span> 
     </span>
     <span class='ocr_line' id='line_1_28' title="bbox 335 3753 1385 3834; baseline -0.001 -24"><span class='ocrx_word' id='word_1_200' title='bbox 335 3769 378 3823; x_wconf 88' lang='lat' dir='ltr'><strong>to,</strong></span> <span class='ocrx_word' id='word_1_201' title='bbox 392 3768 419 3810; x_wconf 88' lang='lat' dir='ltr'><strong>et</strong></span> <span class='ocrx_word' id='word_1_202' title='bbox 431 3755 505 3827; x_wconf 80' lang='lat' dir='ltr'><strong>quati</strong></span> <span class='ocrx_word' id='word_1_203' title='bbox 518 3753 551 3808; x_wconf 91' lang='lat' dir='ltr'><strong>de</strong></span> <span class='ocrx_word' id='word_1_204' title='bbox 565 3753 709 3822; x_wconf 85' lang='lat' dir='ltr'><strong>industria,</strong></span> <span class='ocrx_word' id='word_1_205' title='bbox 725 3754 840 3810; x_wconf 87' lang='lat' dir='ltr'><strong>chrono-</strong></span> <span class='ocrx_word' id='word_1_206' title='bbox 883 3759 958 3812; x_wconf 68' lang='lat' dir='ltr'><strong>ahue</strong></span> <span class='ocrx_word' id='word_1_207' title='bbox 978 3763 1074 3833; x_wconf 75' lang='lat' dir='ltr'><strong>jugum</strong></span> <span class='ocrx_word' id='word_1_208' title='bbox 1097 3764 1153 3833; x_wconf 80' lang='lat' dir='ltr'><strong>ejus</strong></span> <span class='ocrx_word' id='word_1_209' title='bbox 1176 3761 1260 3834; x_wconf 73' lang='lat' dir='ltr'><strong>rigida</strong></span> <span class='ocrx_word' id='word_1_210' title='bbox 1281 3759 1385 3812; x_wconf 83' lang='lat' dir='ltr'><strong>cervice</strong></span> 
     </span>
     <span class='ocr_line' id='line_1_29' title="bbox 334 3835 1385 3911; baseline -0.001 -21"><span class='ocrx_word' id='word_1_211' title='bbox 334 3835 840 3911; x_wconf 73' lang='lat' dir='ltr'><strong>logicoordinemihiretulissevidetur,</strong></span> <span class='ocrx_word' id='word_1_212' title='bbox 884 3839 1080 3894; x_wconf 74' lang='lat' dir='ltr'><strong>teubeuntibus</strong></span> <span class='ocrx_word' id='word_1_213' title='bbox 1106 3839 1243 3906; x_wconf 79' lang='lat' dir='ltr'><strong>barbarie,</strong></span> <span class='ocrx_word' id='word_1_214' title='bbox 1262 3853 1385 3910; x_wconf 87' lang='lat' dir='ltr'><strong>tempore</strong></span> 
     </span>
     <span class='ocr_line' id='line_1_30' title="bbox 335 3915 1386 3991; baseline 0.002 -23"><span class='ocrx_word' id='word_1_215' title='bbox 335 3919 430 3988; x_wconf 78' lang='lat' dir='ltr'><strong>partim</strong></span> <span class='ocrx_word' id='word_1_216' title='bbox 441 3915 562 3988; x_wconf 87' lang='lat' dir='ltr'><strong>quodibi</strong></span> <span class='ocrx_word' id='word_1_217' title='bbox 575 3917 609 3970; x_wconf 86' lang='lat' dir='ltr'><strong>ad</strong></span> <span class='ocrx_word' id='word_1_218' title='bbox 622 3919 839 3990; x_wconf 71' lang='lat' dir='ltr'><strong>cognoscendum</strong></span> <span class='ocrx_word' id='word_1_219' title='bbox 883 3942 894 3967; x_wconf 76' lang='grc' dir='ltr'>ι</span> <span class='ocrx_word' id='word_1_220' title='bbox 906 3936 973 3991; x_wconf 81' lang='lat' dir='ltr'><strong>opus</strong></span> <span class='ocrx_word' id='word_1_221' title='bbox 994 3933 1046 3986; x_wconf 82' lang='lat' dir='ltr'><strong>est,</strong></span> <span class='ocrx_word' id='word_1_222' title='bbox 1066 3917 1130 3972; x_wconf 83' lang='lat' dir='ltr'><strong>dum</strong></span> <span class='ocrx_word' id='word_1_223' title='bbox 1144 3917 1297 3972; x_wconf 83' lang='lat' dir='ltr'><strong>mitioribus</strong></span> <span class='ocrx_word' id='word_1_224' title='bbox 1311 3919 1386 3988; x_wconf 73' lang='lat' dir='ltr'><strong>inge—</strong></span> 
     </span>
     <span class='ocr_line' id='line_1_31' title="bbox 334 3995 1388 4071; baseline -0.002 -23"><span class='ocrx_word' id='word_1_225' title='bbox 334 3997 445 4068; x_wconf 89' lang='lat' dir='ltr'><strong>propius</strong></span> <span class='ocrx_word' id='word_1_226' title='bbox 469 3999 635 4066; x_wconf 80' lang='lat' dir='ltr'><strong>Antonium,</strong></span> <span class='ocrx_word' id='word_1_227' title='bbox 668 3999 753 4071; x_wconf 80' lang='lat' dir='ltr'><strong>qualis</strong></span> <span class='ocrx_word' id='word_1_228' title='bbox 778 4012 838 4052; x_wconf 83' lang='lat' dir='ltr'><strong>ante</strong></span> <span class='ocrx_word' id='word_1_229' title='bbox 883 3995 1388 4064; x_wconf 77' lang='lat' dir='ltr'><strong>«niisimbuentur,eteiferatetmoi·</strong></span> 
     </span>
     <span class='ocr_line' id='line_1_32' title="bbox 335 4073 1387 4150; baseline 0.002 -24"><span class='ocrx_word' id='word_1_230' title='bbox 335 4073 433 4128; x_wconf 84' lang='lat' dir='ltr'><strong>bellum</strong></span> <span class='ocrx_word' id='word_1_231' title='bbox 451 4075 589 4128; x_wconf 83' lang='lat' dir='ltr'><strong>Actiacum</strong></span> <span class='ocrx_word' id='word_1_232' title='bbox 606 4078 700 4145; x_wconf 79' lang='lat' dir='ltr'><strong>fuerit,</strong></span> <span class='ocrx_word' id='word_1_233' title='bbox 717 4097 838 4132; x_wconf 79' lang='lat' dir='ltr'><strong>necessa·</strong></span> <span class='ocrx_word' id='word_1_234' title='bbox 882 4077 954 4130; x_wconf 79' lang='lat' dir='ltr'><strong>«lior</strong></span> <span class='ocrx_word' id='word_1_235' title='bbox 964 4077 1131 4132; x_wconf 83' lang='lat' dir='ltr'><strong>consuetudo</strong></span> <span class='ocrx_word' id='word_1_236' title='bbox 1141 4077 1314 4150; x_wconf 82' lang='lat' dir='ltr'><strong>permulceat.</strong></span> <span class='ocrx_word' id='word_1_237' title='bbox 1325 4101 1336 4123; x_wconf 77' lang='grc' dir='ltr'><strong>ιι</strong></span> <span class='ocrx_word' id='word_1_238' title='bbox 1349 4103 1387 4116; x_wconf 92' lang='lat'><em>-</em></span> 
     </span>
     <span class='ocr_line' id='line_1_33' title="bbox 335 4155 1245 4228; baseline 0.002 -24"><span class='ocrx_word' id='word_1_239' title='bbox 335 4155 371 4205; x_wconf 81' lang='lat' dir='ltr'><strong>ria</strong></span> <span class='ocrx_word' id='word_1_240' title='bbox 398 4167 500 4223; x_wconf 83' lang='lat' dir='ltr'><strong>essent,</strong></span> <span class='ocrx_word' id='word_1_241' title='bbox 528 4157 623 4226; x_wconf 81' lang='lat' dir='ltr'><strong>partim</strong></span> <span class='ocrx_word' id='word_1_242' title='bbox 647 4169 676 4207; x_wconf 88' lang='lat' dir='ltr'><strong>ut</strong></span> <span class='ocrx_word' id='word_1_243' title='bbox 699 4157 836 4228; x_wconf 78' lang='lat' dir='ltr'><strong>interjecto</strong></span> <span class='ocrx_word' id='word_1_244' title='bbox 879 4155 1041 4210; x_wconf 74' lang='lat' dir='ltr'><strong>desiliebant.</strong></span> <span class='ocrx_word' id='word_1_245' title='bbox 1054 4156 1245 4210; x_wconf 80' lang='lat' dir='ltr'><strong>Deflectebtnt.</strong></span> 
     </span>
    </p>
   </div>
   <div class='ocr_carea' id='block_1_10' title="bbox 0 0 1558 4956">
    <p class='ocr_par' dir='ltr' id='par_1_10' title="bbox 0 0 1558 4956">
     <span class='ocr_line' id='line_1_34' title="bbox 0 0 1558 4956; baseline 0 0"><span class='ocrx_word' id='word_1_246' title='bbox 0 0 1558 4956; x_wconf 95' lang='lat' dir='ltr'><strong> </strong></span> 
     </span>
    </p>
   </div>
  </div>
 </body>
</html>
