3142 4938
529 423 672 486 nroaa
695 422 958 492 SECUNDUS.
1207 430 1265 518 157

223 547 387 620 adversus
407 544 545 620 hostem
566 549 671 619 toties
684 549 875 638 victorem,
894 563 969 621 tarn
991 546 1177 640 callidum,
1194 577 1268 624 non

221 666 515 751 virtutetantum,
532 659 595 733 sed
608 664 677 733 suis
695 665 801 733 etiam
812 687 971 762 pugnare
988 662 1140 738 consiliis
1153 692 1265 764 opor-

219 774 327 848 tebat.
1063 792 1067 802 '

266 893 385 963 Prima
408 892 601 983 redeuntis,
629 909 681 983 et,
706 910 746 966 ut
768 897 817 966 sic
842 892 1005 983 dixerim,
1026 899 1264 969 reviviscentis
1285 927 1318 982 ²7

219 1011 368 1105 imperii
377 1035 456 1108 spes
471 1008 600 1082 Fabius
616 1009 704 1098 fuit3
721 1014 783 1108 qui
796 1034 926 1082 novam
943 1010 988 1082 de
1001 1009 1175 1084 Annibale
1192 1017 1265 1085 vic-

218 1125 346 1193 toriam
363 1140 584 1196 commentus
598 1139 668 1213 est,
684 1150 758 1197 non
775 1121 945 1222 pugnare.
961 1125 1055 1196 Hinc
1070 1123 1120 1197 illi
1134 1151 1265 1225 cogno-

218 1261 300 1308 men
315 1261 467 1329 novum,
483 1255 518 1311 et
535 1236 741 1336 reipublicae
764 1235 934 1329 salutare,
953 1239 1148 1312 Cunctator.
1171 1243 1264 1320 Hinc

217 1348 306 1423 illud
328 1377 371 1423 ex
388 1349 544 1450 populo,
558 1367 599 1424 ut
616 1354 908 1450 imperti-scutum
922 1369 1121 1425 vocaretur.
1142 1356 1265 1454 ltaque
1282 1369 1317 1423 28

215 1488 283 1561 per
302 1465 485 1538 Samnium
505 1480 640 1556 toturn,
657 1491 723 1564 per
743 1465 909 1539 Falernos
923 1469 1179 1569 Gauranosque
1194 1468 1265 1544 sal-

215 1593 271 1649 tus
294 1583 343 1650 sic
366 1583 561 1652 maceravit
580 1577 810 1672 Annibalem,
832 1597 889 1671 ut,
913 1586 974 1682 qui
997 1581 1112 1684 franffl'
1133 1587 1264 1658 virtute

215 1716 287 1762 non
317 1710 476 1789 poterat,
504 1719 605 1792 mora
632 1699 942 1768 comminueretur.
974 1696 1083 1787 lnde,
1112 1697 1262 1774 Claudio
1280 1729 1315 1792 ²9

214 1807 387 1882 Marcello
410 1810 517 1902 duce,
541 1814 648 1884 etiam
676 1812 847 1913 congredi
874 1838 976 1886 ausus
1002 1830 1063 1886 est.
1091 1815 1262 1891 Cominus

250 1985 291 2038 ²7·
302 1969 483 2026 Reviviscentis
495 1972 662 2046 imperiispes
670 1973 718 2025 Fa·
757 1994 891 2049 pugnam,
904 1979 1023 2050 quamvis
1035 1975 1144 2030 diversis
1155 1991 1262 2051 tempo-

213 2049 335 2120 br'usfur't.
347 2053 510 2123 Praepostere
519 2072 562 2108 res
571 2053 646 2106 Fabii
657 2072 719 2125 ges·
758 2057 846 2126 ribus,
859 2057 955 2124 edidit3
968 2061 1054 2129 ipsam
1066 2074 1155 2112 autem
1166 2063 1261 2113 seriem

213 2142 270 2196 tas,
289 2135 517 2207 cunctationisque
538 2137 595 2204 ejus
615 2149 718 2202 artem,
757 2155 845 2189 rerum
871 2155 999 2209 prospere
1024 2151 1175 2207 gestarum,
1198 2139 1261 2190 inde

214 2225 268 2277 qua
276 2209 415 2264 Annibalis
424 2212 555 2264 fervorem
565 2211 718 2265 ludificatus
754 2216 811 2285 jam
822 2233 838 2266 a
851 2215 935 2267 Fabio
947 2217 1121 2282 cunctatore,
1133 2229 1213 2288 atque
1224 2218 1262 2269 ita

214 2301 267 2356 est,
289 2304 315 2343 et
332 2293 446 2364 impetus
465 2296 522 2365 ejus
541 2292 668 2361 tardavit,
688 2295 717 2346 in
759 2306 820 2346 ante
836 2306 940 2365 tempus
956 2296 1103 2347 Cannensis
1118 2293 1200 2348 cledis
1215 2312 1260 2346 or-

212 2369 240 2422 id
253 2383 357 2443 tempus
374 2375 494 2443 confert,
508 2374 582 2447 quod
595 2388 717 2428 secutum
757 2374 1032 2448 ditur-Coyrromen
1041 2394 1146 2430 novum.
1154 2377 1260 2430 Novum

211 2464 251 2506 est
264 2455 428 2508 Cannensem
445 2455 566 2525 cladem,
579 2475 661 2528 quum
674 2457 717 2508 ni·
758 2451 838 2521 dicit,
857 2455 918 2525 quie
938 2453 1051 2508 ducibus
1070 2457 1183 2508 Rotnani
1204 2475 1260 2510 non

211 2531 250 2585 bil
266 2553 358 2588 eorum
376 2536 420 2589 ille
438 2539 568 2612 gesserit,
585 2539 637 2590 nisi
654 2553 716 2590 ante
756 2531 835 2584 facile
853 2533 904 2586 nisi
922 2533 955 2586 de
973 2533 1143 2606 regionibus,
1164 2538 1259 2604 terris,

210 2611 350 2668 Cannense
369 2617 508 2689 praelium,
530 2637 580 2670 nec
605 2631 666 2690 post
689 2619 716 2671 id
756 2611 882 2679 urbibus,
900 2614 1008 2685 populis
1027 2613 1135 2667 devictis
1157 2633 1260 2685 cogno-

211 2695 328 2748 omnino.
349 2699 429 2749 'huon
448 2711 537 2750 autern
556 2697 663 2750 Florum
680 2695 715 2750 ab
756 2707 845 2746 nanta
856 2693 973 2746 tribuere
986 2693 1115 2747 solebant.
1127 2695 1215 2746 Tune.

211 2777 716 2830 omnicrimineabsolverenititurcon-
792 2775 1258 2846 ²8.Samuium.ltaliaeregiomedia

211 2852 413 2920 tendens,illud
425 2873 482 2908 csse
495 2856 558 2906 artis
570 2873 626 2906 non
637 2855 714 2906 insci·
755 2855 824 2906 inter
830 2855 965 2920 Picenum,
973 2854 1146 2924 Campaniam
1153 2866 1180 2905 et
1186 2857 1259 2925 Apu-

210 2929 269 2993 tite,
282 2944 309 2982 et
321 2943 451 2984 consueto
467 2934 505 2986 sie
518 2949 596 3002 egere
606 2932 715 2984 Florum
755 2931 827 2983 liam.
837 2959 872 2970 -
881 2933 935 2983 Per
942 2931 1065 2984 Falemos
1073 2934 1260 3006 Gauranosque

210 3028 266 3061 noo
275 3008 320 3062 bic
330 3009 479 3077 modo,sed
489 3012 516 3062 in
525 3011 648 3064 omnibus
658 3029 715 3062 ma·
756 3011 843 3065 saltus.
869 3013 927 3063 Hoc
951 3011 1057 3066 falsum.
1081 3013 1184 3066 Gaurus
1208 3014 1260 3066 fnit

206 3087 312 3160 juribus
321 3087 399 3140 bellis
410 3100 436 3140 et
445 3089 520 3159 pacis
532 3088 611 3140 rebus
620 3087 717 3140 descri-
757 3107 835 3140 mons
846 3105 902 3140 non
913 3088 992 3159 longe
1004 3089 1136 3157 Puteolis,
1151 3091 1198 3142 sed
1208 3094 1259 3146 ra·

210 3166 312 3222 bondis.
321 3169 389 3221 Huic
395 3182 483 3222 autem
490 3167 649 3220 couveniens
659 3180 716 3220 erat
757 3166 847 3220 lomus
859 3169 909 3218 fuit
922 3187 983 3240 pars
996 3170 1117 3232 Massici,
1129 3189 1206 3243 quem
1218 3185 1259 3225 te-

210 3249 238 3301 in
254 3249 363 3323 siugulis
379 3249 541 3321 imaginibus
558 3248 586 3301 id
601 3248 714 3300 maxime
736 3265 740 3275 ’
754 3250 814 3301 nuit
823 3249 987 3322 Fabius,qui
998 3251 1258 3307 eratadSinnessam.

211 3346 318 3398 curare,
333 3344 365 3384 ut
382 3330 479 3384 similia
495 3345 609 3403 qunque
625 3345 713 3380 rerum
752 3329 808 3381 Liv.
822 3329 960 3399 uPerjuga
970 3331 1078 3383 Massici
1088 3333 1200 3396 montis,
1210 3333 1260 3386 ra-

211 3423 343 3462 momente
361 3412 508 3466 successive
526 3407 611 3462 oculis
629 3401 713 3478 subji-
757 3406 825 3458 ·bi0
841 3405 988 3460 ducente.»
1005 3409 1085 3460 Error
1099 3409 1162 3462 inde
1178 3425 1256 3466 nutus

211 3502 342 3541 serentur.
359 3493 399 3543 lta
413 3504 556 3566 postquam
572 3507 627 3541 uno
644 3489 713 3540 seria
753 3499 809 3553 est,
821 3484 896 3557 quod
908 3499 1019 3560 uterque
1033 3506 1110 3541 moos
1127 3502 1257 3560 praesten-

211 3585 368 3642 prosecutus
392 3585 432 3624 est
453 3572 549 3626 damna
574 3572 711 3624 Romano·
751 3568 1256 3633 tissimumvioumferat;indeaFloro

210 3667 290 3716 rum,
316 3649 350 3701 ab
374 3650 504 3704 Annibale
527 3652 618 3719 illata,
645 3663 711 3703 tuno
751 3637 801 3722 pr'o
813 3667 868 3701 uno
882 3647 976 3701 eodem
987 3661 1079 3701 monte
1090 3648 1212 3702 habetur.
1320 3647 1325 3660 ⁸

209 3747 273 3782 vero
290 3731 446 3781 transiturus
463 3730 553 3783 adres
569 3749 711 3802 prosperas
789 3747 830 3800 29.
846 3731 967 3783 cominu
979 3732 1057 3782 venit.
1071 3732 1193 3784 Cominus
1203 3731 1255 3799 ire,

211 3807 305 3862 eedem
317 3808 374 3878 lege
386 3806 584 3878 exsequendas,
598 3812 712 3879 primum
754 3821 779 3862 et
798 3812 901 3874 venire,
921 3821 960 3860 est
978 3827 1085 3861 manum
1102 3826 1255 3878 conserere,

211 3884 311 3958 colligit
324 3885 444 3958 qusedam
457 3886 537 3937 animi
549 3887 675 3954 ingentis,
687 3900 714 3938 et
753 3887 887 3961 congredi.
898 3887 1005 3953 Florus,
1018 3890 1066 3954 111,
1077 3889 1107 3952 8,
1117 3887 1149 3940 6:
1166 3912 1177 3934 ι
1185 3893 1256 3944 Post·

210 3966 312 4018 virtutis
320 3967 347 4017 in
355 3967 463 4018 summis
474 3967 552 4017 etiarn
563 3965 714 4016 infortuniis
757 3985 856 4038 aquarn
877 3968 998 4019 cominus
1015 3981 1121 4021 venturu
1139 3983 1193 4038 est,
1210 3991 1255 4024 ex-

210 4046 374 4097 inconcusste
393 4044 570 4110 documenta,
587 4061 645 4115 que
663 4061 714 4114 po·
757 4047 900 4116 upertiqoe
915 4058 998 4098 rostra
1012 4059 1039 4098 et
1052 4046 1142 4119 pila3·
1161 4062 1187 4102 et
1202 4053 1254 4116 ill,

209 4123 290 4199 polus
310 4125 446 4179 Romanus
465 4137 527 4196 post
547 4123 714 4178 &anensem
757 4139 804 4190 aa,
819 4139 850 4194 7:
866 4125 939 4195 ulpsi
954 4123 1035 4180 duces
1051 4128 1172 4182 cominus
1187 4131 1254 4182 inri-
