3156 4950
286 543 350 626 ιιι
581 499 584 506 ’
609 545 646 609 t.
670 546 829 610 nunni
852 545 998 614 rnoar

251 693 267 746 t
285 694 366 744 cem
382 667 551 744 detulere.
568 670 642 742 Nec
662 669 786 744 abnuit
802 668 862 744 ille
880 669 926 744 de
943 667 1172 770 stipendiario
1189 667 1330 744 Thrace

285 784 404 875 miles,
424 785 470 858 de
488 783 598 858 milite
612 784 789 876 desertor,
809 784 891 858 inde
909 783 1020 876 latro,
1041 783 1124 858 dein
1142 789 1179 858 in
1193 783 1330 858 honore

251 941 269 993 9
285 907 415 974 virium
426 900 621 1001 gladiator:
639 905 701 1000 qui
715 899 967 974 defunctorum
979 927 1121 1000 quoque
1133 899 1255 1000 praelio
1267 901 1342 973 du-¹

284 1042 368 1090 cum
377 1016 503 1090 lunera
512 1021 748 1116 imperatoriis
758 1015 950 1092 celebravit
959 1022 1146 1116 exsequiis,
1159 1020 1330 1116 captivos-

284 1159 355 1232 que
373 1137 468 1206 circa
483 1159 610 1233 rogum
621 1133 723 1233 jussit
741 1137 846 1206 armis
867 1131 1088 1232 depugnare,
1109 1137 1208 1234 quasi
1224 1131 1329 1232 plane

284 1250 486 1344 expiaturus
500 1272 606 1319 omne
619 1250 837 1346 praeteritum
849 1245 1018 1337 dedecus,
1033 1250 1061 1320 si
1076 1247 1121 1320 de
1134 1245 1329 1346 gladiatore

237 1401 269 1435 ιο
285 1377 492 1436 munerator
511 1359 643 1434 fuisset.
667 1360 754 1434 lnde
775 1360 849 1459 jam
874 1359 1074 1436 consideres
1100 1387 1244 1460 quoque
1268 1386 1330 1461 ag·

285 1501 439 1576 gressus,
467 1481 505 1548 in
526 1478 714 1574 Apennino
737 1474 878 1548 Lentuli
902 1481 1095 1550 exereitum
1115 1475 1327 1574 percecidit:

237 1629 264 1664 ιι
285 1590 382 1689 apud
400 1591 576 1664 Mutinam
593 1592 669 1665 Caii
689 1591 798 1664 Cassii
817 1608 930 1664 castra
945 1590 1087 1665 delevit.
1105 1591 1244 1684 Quibus
1260 1587 1330 1663 ela-

284 1721 340 1778 tus
353 1711 527 1798 victoriis,
549 1705 594 1779 de
611 1705 811 1806 invadenda
825 1707 915 1780 urbe
933 1711 1111 1796 Romana,
1137 1706 1235 1806 quod
1249 1710 1330 1780 satis

286 1837 337 1893 est
352 1819 563 1919 turpitudini
582 1837 725 1911 nostrae,
741 1819 960 1894 deliberavit.

230 1971 268 2016 ιιι
333 1934 495 2007 Tandem
514 1938 621 2006 etiarn
638 1938 720 2008 totis
739 1939 879 2038 imperii
897 1936 1030 2009 viribus
1048 1950 1172 2008 contra
1186 1933 1330 2006 mirmil-

269 2045 407 2120 'lonem
424 2052 665 2147 consurgitur,
690 2045 937 2148 pudoremque
958 2052 1158 2121 Romanum
1175 2051 1330 2120 Licinius

288 2165 432 2236 Crassus
447 2167 611 2254 asseruit,
624 2188 645 2234 a
658 2188 730 2260 quo
744 2161 836 2260 pulsi
849 2161 1032 2263 fugatique
1048 2161 1179 2260 (pudet
1191 2162 1330 2258 dicere)

239 2294 270 2348 ιδ
288 2277 405 2352 hostes
416 2283 454 2351 in
465 2295 621 2352 extrema
633 2276 742 2351 Italiae
755 2277 970 2379 refugerunt.
985 2277 1039 2350 lbi
1051 2283 1146 2351 circa
1157 2279 1332 2352 Bruttium

288 2390 456 2490 angulum
472 2390 576 2482 clusi,
592 2418 703 2491 quum
716 2389 837 2491 fugam
849 2397 886 2464 in
899 2391 1053 2466 Siciliam
1066 2409 1251 2490 pararent,
1268 2419 1331 2464 ne-

286 2533 356 2607 que
367 2510 507 2606 navigia
519 2521 765 2605 suppeterent,
777 2523 940 2608 ratesque
953 2534 995 2580 ex
1007 2507 1178 2596 cratibus,
1191 2522 1226 2580 et
1237 2503 1332 2578 dolia

287 2647 446 2694 connexa
466 2619 624 2720 virgultis
640 2625 677 2693 in
696 2621 920 2721 rapidissimo
940 2621 1033 2694 freto
1051 2620 1179 2692 frustra
1196 2624 1331 2718 experi-

287 2753 425 2829 rentur,
447 2736 592 2810 tandem
608 2742 800 2834 eruptione
817 2735 930 2827 facta,
952 2737 1096 2836 dignam
1112 2740 1194 2808 viris
1210 2735 1332 2809 obiere

238 2869 269 2936 14
287 2868 458 2941 mortem;
481 2869 534 2943 et,
554 2853 653 2954 quod
671 2853 736 2926 sub
752 2853 948 2954 gladiatore
962 2852 1054 2926 dirce
1069 2856 1242 2952 oportuit,
1259 2856 1332 2924 sine

323 3059 348 3112 8.
360 3059 536 3132 Stipendiario
547 3061 656 3114 Thrace.
666 3065 723 3116 Iloc
736 3077 788 3130 est,
829 3081 861 3117 cx
873 3061 958 3116 Gallia
968 3073 1099 3115 venerant.
1110 3059 1236 3114 lllirmillo
1246 3071 1332 3112 autem

285 3151 363 3192 natus
388 3153 444 3192 erat
468 3143 495 3192 in
520 3141 632 3194 Thracia
654 3142 789 3214 provincia
828 3161 882 3195 non
893 3156 948 3193 erat
957 3137 1170 3213 Spartacua,sed
1180 3158 1212 3192 ex
1220 3137 1332 3190 Thracia

287 3217 466 3290 stipendiaria.
829 3219 964 3274 oriundus.
981 3219 1032 3272 Sed
1046 3217 1189 3290 aliquando
1204 3215 1332 3268 minnista

320 3315 346 3366 9.
368 3300 486 3370 Captivos
499 3299 568 3352 circa
582 3303 787 3374 rogumjussit...
828 3321 878 3374 pro
900 3303 991 3373 quovis
1005 3298 1150 3371 gladiatore
1166 3309 1281 3363 sumtus,
1302 3306 1332 3347 ut

286 3375 442 3448 depugnare.
451 3375 531 3443 Quod
539 3375 644 3447 quidem
653 3392 790 3448 spectacu—
829 3379 962 3432 hocloco.
976 3380 1049 3430 Eorr.
1061 3379 1156 3428 Dauara.
1170 3403 1205 3414 —
1216 3374 1334 3426 Licinius

286 3453 342 3504 lum
367 3451 409 3504 edi
426 3451 529 3506 solebat
550 3457 577 3505 in
599 3459 788 3527 imperatorum
830 3461 937 3513 Crassus.
955 3453 1241 3510 Praetor—Acme.
1256 3453 1332 3504 Ultus

286 3535 465 3583 Romanorum
476 3535 613 3606 exsequiis.
624 3566 659 3576 -
668 3539 789 3590 Munera·
829 3551 876 3592 eat.
889 3569 925 3578 -
936 3537 961 3590 Α
971 3557 1021 3611 quo
1032 3533 1102 3608 pulsi
1110 3535 1252 3606 'fugatique
1263 3533 1332 3604 (pu-

286 3621 333 3662 tor.
342 3611 398 3661 Hoc
409 3623 462 3678 est,
471 3614 515 3682 qui
522 3613 619 3683 praebet
627 3617 788 3689 spectacula,
828 3614 873 3667 det
883 3615 985 3687 dicere)
994 3614 1088 3678 hostes,
1097 3627 1148 3665 etc.
1157 3611 1229 3663 Titne
1240 3611 1332 3664 melius

285 3707 394 3754 munus,
407 3689 575 3762 gladiatores.
828 3694 905 3765 legit:
917 3716 933 3747 α
945 3713 996 3768 quo
1004 3693 1076 3766 pulsi
1082 3692 1223 3766 fitputt'que
1233 3688 1332 3762 (pudet

324 3785 363 3821 ro.
379 3769 492 3821 Lentuli.
510 3771 579 3822 enai
592 3771 706 3826 Cornelii
721 3773 787 3826 Len·
828 3771 914 3826 dicere
927 3773 1048 3842 hostes),
1061 3784 1110 3823 etc.

285 3845 332 3899 tuli
340 3847 459 3902 Clodiani
467 3849 591 3902 consulis.
600 3881 634 3889 —
642 3852 785 3904 Mutirwm.
866 3849 905 3901 13.
916 3847 1063 3922 singulum.
1075 3849 1174 3900 Sinum.
1186 3877 1221 3886 —-
1230 3847 1332 3899 Fntstra

284 3927 372 3980 Gallia
395 3930 547 4002 Cispadanae
569 3932 675 3998 urbem,
706 3931 786 3984 bodie
826 3929 1010 4000 experirentur.
1018 3931 1124 3982 Frustra
1138 3940 1269 3979 tentarent
1284 3925 1330 3978 ad-

285 4009 405 4061 Moddne.
416 4041 449 4050 -
460 4013 516 4064 Caii
527 4011 614 4064 Crassi.
627 4013 680 4078 Qui
688 4025 786 4082 prator
826 4008 962 4060 scandere.

285 4099 349 4138 erat.
504 4111 506 4116 v
865 4085 903 4152 14.
912 4085 1109 4138 Sinemt'ssione.
1119 4086 1176 4135 Hoc
1185 4097 1232 4148 est,
1239 4080 1331 4134 adeer-

324 4182 363 4217 υ.
387 4165 586 4220 Mirmillonem.
615 4168 785 4222 Mirmillones
825 4181 882 4230 tam
892 4180 1012 4218 mortem.
1025 4167 1116 4218 Missio
1129 4167 1199 4216 enim
1209 4176 1264 4216 crat
1274 4181 1331 4234 gra·

284 4245 439 4299 dicebantur
450 4245 605 4317 gladiatores
619 4247 724 4318 quidam
740 4251 785 4320 qui
827 4251 862 4300 tia
879 4247 1015 4300 deserendi
1029 4266 1160 4318 pugnam,
1176 4265 1232 4316 quae
1248 4263 1332 4317 quan-
