3102 4942
343 517 385 561 ιο
740 493 801 558 nn
824 459 983 558 r'nono

343 639 416 680 nere
424 617 598 678 voluerunt.
606 617 788 696 Delegamus
796 616 855 678 hos
864 617 904 678 ad
914 618 1008 677 aetatis
1016 618 1113 677 tertiae
1122 615 1268 678 seculum
1278 639 1383 680 secun·

337 715 416 776 dum
429 727 508 775 recte
520 714 780 798 perpensandum:
794 715 883 775 inviti
900 715 992 774 etiam
1006 726 1156 796 cogentur
1167 712 1272 793 fateri,
1285 719 1383 776 nemi·

335 833 412 874 nem
429 813 613 894 scriptorum
628 823 768 870 veterum
785 810 996 872 candidiorem
1006 810 1245 894 liberioremque
1256 811 1382 874 illorum

335 923 516 991 temporum
530 909 742 969 aestimatorem
753 907 859 986 fuisse,
871 931 966 991 quam
980 907 1134 968 Florum..
1145 951 1169 968 ..
1184 907 1264 970 lllud
1278 911 1382 971 minus

339 1006 603 1082 animadversum,
620 1019 776 1066 auctorem
793 1008 826 1065 in
844 1027 947 1066 rerum
963 1007 1115 1088 ipsarum,
1135 1004 1288 1066 bellorum
1304 1005 1381 1068 scili-

338 1117 386 1165 cet
398 1126 433 1165 ac
446 1106 641 1164 internorum
654 1115 798 1164 motuum
809 1105 960 1164 succincta
972 1105 1165 1179 recensione,
1177 1116 1207 1163 et
1222 1103 1270 1164 vel
1284 1125 1381 1186 quan-

337 1202 440 1285 doque
451 1204 484 1262 in
497 1205 590 1263 nnius
601 1199 674 1263 belli
690 1203 882 1278 narratione,
895 1222 962 1263 non
976 1222 1096 1284 semper
1108 1201 1380 1284 chronologicum,

337 1301 389 1361 sed
401 1321 641 1382 nonnumquam
653 1299 909 1382 geographicum,
924 1301 1020 1360 immo
1029 1321 1092 1360 una
1105 1313 1196 1382 atque
1211 1299 1304 1361 altera
1315 1301 1381 1360 vice

335 1411 480 1459 neutrum
495 1398 626 1473 horum,
644 1398 696 1458 sed
711 1399 897 1480 peculiarem
910 1398 1094 1480 quemdam,
1112 1412 1142 1458 et
1157 1410 1193 1457 ut
1205 1398 1247 1457 ita
1262 1397 1379 1473 dicam,

333 1499 490 1582 poeticum
509 1495 652 1557 ordinem
669 1497 770 1578 sequi,
789 1517 882 1580 quem
897 1519 996 1579 quum
1014 1517 1077 1557 non
1095 1509 1203 1556 omnes
1221 1496 1294 1555 satis
1313 1515 1381 1577 per-

333 1615 465 1678 pensum
479 1591 644 1667 haberent,
660 1592 850 1670 factumest,
863 1607 898 1653 ut
913 1592 985 1654 inde
998 1615 1065 1654 non
1077 1614 1148 1654 raro
1163 1593 1303 1653 acriticis
1318 1591 1379 1652 cul-

334 1705 422 1776 patus
436 1692 491 1767 sit,
508 1691 591 1752 uude
604 1691 768 1752 artificium
786 1689 849 1772 ejus
868 1691 989 1752 laudari
1004 1691 1053 1752 rel
1069 1692 1201 1752 maxime
1219 1690 1379 1752 debuisset.

333 1787 565 1867 commonefeci
575 1789 703 1865 talium,
722 1791 898 1872 ubicunque
912 1811 990 1873 opus
1001 1789 1174 1865 videbatur,
1187 1790 1332 1850 lectorem
1344 1791 1378 1849 iu

333 1889 414 1949 notis
433 1889 525 1960 meis,
543 1887 711 1970 credoque,
723 1887 772 1949 vel
791 1910 828 1949 ex
844 1887 919 1964 hac,
938 1903 973 1948 ut
991 1891 1034 1949 ita
1053 1888 1170 1963 dicam,
1189 1888 1379 1969 gubernante

334 1987 439 2046 omnia
447 1999 480 2046 'et
491 1985 610 2068 singula
622 1987 709 2070 quasi
720 1987 805 2070 epioe
816 1986 952 2069 quadam
964 1989 1139 2048 oecoitomia
1151 1985 1270 2046 elucere
1281 1987 1377 2046 etatis

333 2105 431 2145 eureae
454 2084 551 2144 nostri
569 2086 669 2167 operis
688 2084 948 2145 indubitatissime
970 2087 1075 2166 signa3
1092 2086 1206 2166 quippe
1227 2101 1324 2166 quum
1345 2081 1377 2142 id

331 2201 397 2241 non
415 2201 533 2240 meram
550 2201 655 2241 rerum
671 2183 958 2257 enumerationem,
972 2181 1023 2242 sed
1038 2181 1228 2262 ingeniosam
1240 2178 1331 2240 simul
1343 2201 1377 2239 ac

330 2277 498 2360 perlectam
510 2278 804 2341 demonstrationem
818 2291 848 2339 et
861 2280 1029 2362 imaginem
1041 2279 1110 2337 vitae
1127 2277 1236 2360 populi
1248 2278 1378 2339 Romani

332 2375 365 2433 in
376 2387 439 2434 tam
451 2376 558 2455 exigua
570 2373 683 2436 tabella
695 2374 852 2452 exhibeat,
864 2373 1039 2460 cujusmodi
1051 2374 1160 2435 dubito
1173 2397 1213 2436 an
1230 2375 1377 2456 sequioris

333 2473 389 2530 aevi
400 2471 528 2553 scriptor·
540 2473 627 2532 nobis
640 2485 790 2555 praestare
806 2475 954 2556 potuisset
961 2513 1374 2535 ......................

379 2567 479 2629 lmmo
502 2570 622 2631 videtur
645 2570 722 2631 mihi
743 2570 897 2654 hocopus
922 2575 954 2632 in
976 2574 1034 2633 ista
1053 2593 1108 2632 sua
1128 2570 1376 2631 conformatione

332 2687 426 2747 quam
439 2667 576 2748 proxime
593 2667 731 2729 accedere
746 2669 785 2729 ad
797 2671 949 2752 poeticam
960 2682 990 2728 et
1002 2669 1091 2751 quasi
1105 2665 1312 2750 rhythmicam
1323 2679 1376 2724 aut

333 2763 490 2822 metricam
506 2761 656 2841 formam,
670 2778 705 2826 ut
719 2763 768 2826 vel
785 2767 858 2826 inde
874 2766 961 2827 facile
979 2767 1036 2827 tibi
1055 2764 1253 2848 persuadeas‘,
1270 2775 1376 2822 aucto·

333 2879 398 2919 rem
416 2861 450 2919 in
470 2864 619 2942 poematis
638 2863 880 2926 multiformibus
898 2865 1069 2947 plurimum
1088 2877 1259 2937 versatum,
1278 2879 1376 2943 quum

332 2959 472 3017 animum
490 2959 530 3019 ad
548 2958 728 3021 historicam
745 2961 825 3023 hanc
840 2961 985 3022 tabellam
1000 2959 1224 3022 conficiendam
1243 2956 1376 3041 appulis-

331 3071 390 3130 set,
407 3049 446 3116 n'e
459 3056 503 3116 ibi
520 3057 646 3138 quidem
665 3059 798 3120 oblitum
817 3080 956 3144 poeseos,
975 3059 1061 3143 quod
1082 3060 1173 3120 rebus
1188 3059 1294 3139 largiri
1310 3075 1375 3115 non

331 3165 448 3233 posset,
463 3153 572 3214 formae
585 3155 692 3216 saltem
706 3159 805 3240 operis
817 3157 947 3234 dedisse,
961 3171 1051 3240 atque
1065 3159 1099 3216 in
1115 3167 1236 3216 tantum
1252 3172 1317 3213 non
1329 3171 1374 3210 re·

331 3249 510 3312 formidasse
524 3251 639 3334 eloquii
651 3255 815 3329 cancellos,
826 3277 904 3337 quos
920 3255 1056 3335 rhythmi
1068 3267 1097 3313 et
1110 3267 1204 3314 metra
1219 3261 1374 3322 statuunt,

331 3358 383 3421 ut,
396 3369 494 3428 quum
507 3348 631 3412 liberius
647 3352 744 3412 multo
760 3371 859 3434 prosae
879 3353 1027 3413 orationis
1045 3351 1173 3411 habenis
1192 3350 1237 3409 uti
1254 3359 1373 3429 posset,

331 3445 396 3526 ipse
406 3460 590 3528 praeoptaret
599 3471 746 3526 carceres,
757 3463 786 3510 ct
795 3451 932 3531 spinam,
944 3463 974 3510 et
986 3463 1108 3508 metam.
1120 3446 1262 3508 Profecto
1273 3445 1373 3505 divitis

330 3563 415 3604 venos
432 3545 611 3626 scriptorem
626 3547 719 3608 fuisse
735 3561 873 3629 oportet,
890 3549 944 3630 qui
957 3546 1123 3607 verborum
1140 3545 1373 3605 sententiarum-

328 3657 391 3720 que
410 3643 513 3723 copia,
528 3644 763 3726 omnigenisque
781 3644 851 3726 styli
870 3631 1052 3717 virtutibus,
1068 3639 1209 3718 vincula,
1226 3661 1294 3723 quae
1310 3641 1373 3718 ipse

325 3735 390 3822 sibi¹
402 3757 467 3797 non
480 3761 576 3818 pauca
589 3739 689 3801 libens
701 3756 860 3818 nexuerat,
875 3755 940 3802 tam
949 3739 1039 3800 facile
1049 3739 1218 3822 obtegeret,
1231 3751 1264 3796 ut
1276 3755 1311 3794 ea
1323 3735 1373 3792 vix

331 3836 441 3893 sentiat
460 3834 564 3898 lector.
585 3841 664 3899 Nam
685 3841 852 3922 puritatem
870 3841 1018 3901 orationis
1037 3850 1067 3898 et
1086 3837 1270 3919 elegantiam
1289 3831 1372 3913 quod

331 3929 455 4005 attinet,
467 3953 564 4012 quum
578 3935 612 3995 in
631 3934 689 3994 hac
705 3936 841 3998 editione
859 3960 877 3998 a
893 3937 1027 4018 genuino
1047 3933 1132 3996 Flori
1150 3945 1232 3993 textu
1251 3927 1371 3989 inficeta

330 4021 382 4082 illa
404 4025 628 4106 additamenta,
653 4044 682 4092 et
700 4053 769 4114 quae
790 4033 909 4095 dudum
926 4047 1026 4094 taxata
1048 4043 1135 4106 sunt,
1155 4043 1184 4090 et
1202 4047 1271 4110 quae
1290 4045 1371 4085 nunc

330 4140 492 4202 accessere,
506 4131 702 4209 segregarim‚
715 4151 807 4191 nemo
824 4130 914 4192 facile
928 4134 961 4192 in
973 4129 1105 4191 dubium
1118 4127 1285 4210 vocaverit,
1295 4121 1370 4202 quin
