3108 4950
520 465 662 530 mnus
686 466 877 532 suiuus.
1180 488 1219 552 97

173 593 406 664 Numantiam
423 605 484 660 aut
498 586 673 677 Africam,
692 591 828 661 nomini
847 586 1011 660 induerit.
1027 589 1173 660 Exstant
1189 603 1224 660 et
1243 617 1283 658 ιο

175 723 278 805 parta
299 704 346 777 de
364 707 471 777 Antio
491 702 621 802 spolia,
637 731 715 803 quae
731 705 879 776 Maenius
897 707 933 776 in
951 720 1116 803 suggestu
1135 702 1224 794 fori,

177 837 282 922 capta
305 819 462 892 hostium
488 817 613 908 classe,
641 819 792 892 suffixit:
819 823 848 890 si
870 835 989 892 tamen
1009 817 1069 891 iila
1090 816 1226 906 classis;

177 963 261 1008 uam
281 962 342 1007 sex
359 932 460 1006 fuere
481 949 649 1006 rostratae.
676 933 747 1007 Sed
766 933 825 1006 hic
845 960 1012 1006 numerus
1032 931 1099 1006 illis
1120 937 1226 1006 initiis

177 1049 303 1122 navale
326 1047 460 1122 bellum
479 1046 557 1120 fuit.
581 1052 857 1122 Pervicacissimi
877 1065 997 1122 tamen
1019 1049 1226 1120 Latinorum
1247 1073 1276 1114 ιι

179 1169 285 1266 AEqui
306 1181 342 1239 et
359 1165 480 1240 Volsci
500 1163 620 1256 fuere,
643 1184 678 1239 et
698 1165 914 1266 quotidiani,
934 1181 974 1239 ut
991 1171 1041 1238 ita
1056 1165 1226 1252 dixerim,

179 1279 309 1354 hostes.
335 1278 405 1352 Sed
426 1278 492 1352 hos
513 1286 692 1381 praecipue
714 1275 843 1353 Lucius
865 1283 1052 1372 Quinctius
1070 1279 1228 1368 domuit,
1250 1307 1279 1344 n

181 1393 239 1468 ille
249 1394 404 1468 dictator
417 1393 464 1466 ab
476 1411 615 1468 aratro:
635 1401 696 1496 qui
711 1395 851 1468 obsessa
862 1420 903 1468 ac
917 1421 1020 1494 paene
1031 1394 1107 1494 jam
1124 1409 1230 1492 capta

180 1511 297 1580 Marci
312 1509 461 1594 Minucii
474 1507 625 1581 consulis
639 1526 754 1582 castra
770 1514 911 1609 egregia
921 1513 1052 1581 virtute
1068 1511 1229 1580 servavit.

183 1623 348 1696 Medium
364 1641 438 1697 erat
451 1641 593 1725 tempus
608 1624 702 1700 forte
718 1630 901 1716 sementis,
914 1652 1025 1726 quum
1041 1627 1231 1725 patricium
1252 1643 1284 1696 13

183 1741 303 1809 virum
321 1742 478 1810 innixum
495 1757 612 1811 aratro
629 1765 693 1813 suo
709 1738 814 1814 lictor
827 1743 863 1812 in
880 1746 956 1837 ipso
976 1765 1086 1838 opere
1104 1737 1232 1837 depre-

185 1852 320 1926 hendit.
347 1855 433 1926 lude
457 1860 493 1926 in
520 1859 633 1928 aciem
657 1855 858 1955 profectus,
884 1853 1039 1957 nequid
1065 1881 1086 1927 a
1112 1857 1231 1926 rustici

185 1973 302 2067 operis
317 1973 515 2044 imitatione
532 1988 700 2062 cessaret,
713 1975 825 2044 victos
845 1996 946 2043 more
966 1968 1146 2068 pecudum
1167 1968 1232 2041 sub

180 2086 306 2185 jugum
326 2090 431 2158 misit.
457 2087 513 2158 Sic
538 2086 763 2186 expeditione
785 2087 902 2174 finita,
926 2084 1101 2158 rediitad
1124 2084 1233 2157 boves
1253 2104 1285 2172 14

185 2227 322 2289 rursm,
348 2199 571 2300 triumphalis
594 2199 761 2301 agricola.
787 2199 912 2272 Fidem
935 2200 1137 2272 numinum!
1164 2225 1234 2298 qua
1254 2217 1285 2272 ιε

187 2315 389 2388 velocitate!
399 2320 490 2389 iuter
502 2317 708 2417 quindecim
721 2317 797 2390 dies
809 2334 967 2415 coeptum
978 2333 1233 2414 peractumque

188 2430 338 2505 bellum:
350 2457 490 2530 prorsus
502 2449 543 2506 ut
553 2432 733 2506 festinasse
746 2431 898 2504 dictator
912 2433 958 2506 ad
970 2431 1132 2506 relictum
1144 2459 1234 2532 opus

187 2545 377 2620 videretur.

188 2735 274 2789 solens
297 2740 330 2789 sit
353 2738 398 2790 iiis
422 2738 542 2810 phrasis,
567 2740 692 2813 oppidum
732 2741 786 2792 cius
819 2743 971 2804 Minucius;
1000 2739 1108 2794 Aurelio
1134 2739 1235 2792 Victori

190 2819 292 2870 nomini
303 2819 417 2872 induere.
735 2823 876 2892 Quinctius.

226 2917 266 2954 ro.
279 2901 371 2954 Antio.
382 2902 558 2970 Volscorum,
572 2907 599 2958 iu
616 2906 692 2956 Latio
773 2903 812 2954 13.
823 2903 876 2955 Sub
879 2921 984 2976 Juqum
997 2904 1052 2955 Liv.
1065 2903 1112 2966 111,
1128 2901 1174 2962 st,
1188 2900 1233 2952 13:

142 3033 144 3038 ⁸
187 2979 469 3050 portus-Suqqestu
474 2981 540 3050 fori.
550 2981 693 3054 Suggestus
736 2983 853 3036 «Tribus
875 2982 958 3036 hastis
978 2985 1073 3052 jugum
1093 2981 1140 3044 iit,
1162 2981 1236 3034 husui

187 3058 242 3108 fori
255 3069 297 3108 est
306 3055 382 3108 iocus
393 3056 487 3110 editior
496 3059 523 3109 in
533 3061 609 3126 ios-o,
623 3059 693 3113 uude
736 3061 814 3113 «fisis
825 3059 942 3125 duabus,
955 3077 1090 3131 superque
1099 3078 1144 3112 eus
1153 3072 1236 3116 traus-

189 3134 223 3186 ad
241 3133 374 3207 populum
386 3133 467 3186 verbu
484 3135 590 3190 fiebunt.
604 3139 695 3190 Antis·
737 3157 832 3190 svessa
847 3156 899 3190 unu
911 3137 1055 3208 deligata.»

190 3231 246 3268 tum
257 3217 380 3268 rostratis
392 3215 505 3269 navibus
515 3233 622 3272 ornatus
632 3220 694 3287 fuit,
774 3213 813 3268 15.
822 3217 927 3268 Prorsus
936 3227 965 3268 ut
967 3215 1130 3288 festinasse...
1142 3215 1237 3268 uidere·

192 3295 261 3348 uude
276 3307 358 3349 rostra
370 3309 490 3348 vocatus.
504 3298 537 3348 Et
549 3297 610 3352 inde
621 3314 695 3372 putet
736 3296 1196 3370 tur.Noumodohuc‚inquithm,
1202 3298 1237 3348 ui·

190 3387 273 3426 rostra
297 3388 324 3427 et
349 3390 505 3448 suggestum
529 3376 598 3430 idem
626 3397 692 3432 esso.
735 3375 1238 3450 itiiadduntqrsvitutipraeoedentisex·

191 3455 238 3504 Eu.
249 3454 344 3506 Dutru.
735 3458 889 3527 positionis,
901 3457 962 3522 sed,
974 3471 1102 3529 quantum
1113 3453 1238 3530 equidem

237 3549 276 3585 υ.
307 3535 399 3590 Lucius
429 3538 572 3609 Qtsinetius.
598 3540 694 3591 Lucius
736 3537 834 3596 sensio,
850 3535 962 3588 multum
977 3535 1099 3589 demunt:
1115 3536 1240 3588 exercita·

191 3614 334 3681 Quinctius
341 3615 578 3670 Cincinnatus&
588 3617 641 3670 hoe
651 3637 694 3670 cs·
735 3627 854 3666 ruentum
871 3614 1030 3682 rhetoricum
1047 3617 1151 3682 cernis,
1166 3627 1237 3666 etc...

190 3695 244 3763 pite
253 3693 343 3761 jungit
354 3693 511 3766 Florusquss
523 3694 605 3766 lorsqu
616 3697 695 3750 inter·
735 3696 790 3746 rios
808 3708 894 3748 autem
911 3694 954 3746 hie
971 3697 1080 3746 omniuo
1099 3694 1134 3746 ab
1153 3692 1239 3746 erudi·

191 3773 260 3826 vallo
282 3773 392 3826 distant.
413 3775 481 3826 Nam
502 3779 531 3829 L.
552 3779 694 3845 Quinctius
735 3775 1123 3836 tissimoTtrtsdisseutimuu
1140 3787 1167 3826 et
1181 3773 1238 3824 hieu

190 3853 301 3904 Volscos
320 3851 426 3904 domuit
443 3873 512 3906 anno
531 3855 610 3908 Urbis
628 3857 694 3924 294,
734 3857 815 3908 verbu
831 3858 939 3908 minime
952 3858 1074 3924 grocitati
1088 3851 1239 3926 praecedeu-

191 3943 252 3982 aute
264 3931 294 3982 C.
307 3932 340 3982 N.
355 3931 424 3996 460,
437 3931 493 4004 quo
505 3947 625 4004 tempore
636 3932 695 3986 bei·
736 3937 768 3988 tis
789 3935 963 4006 expositionis
983 3935 1118 3986 contraria
1135 3932 1238 4002 judica-

191 4008 247 4060 ium
261 4009 418 4075 Etmseum,
434 4009 536 4083 dequo
553 4013 640 4083 cupite
655 4030 696 4062 se-
736 4033 802 4066 ruus.
820 4011 893 4086 Soepe
914 4013 943 4064 iit
963 4011 1085 4085 quidem,
1101 4025 1129 4064 ut
1145 4013 1238 4064 Florus

190 4087 298 4158 quenti,
312 4086 414 4156 jamdiu
432 4089 513 4140 finem
528 4103 644 4160 ceperat.
660 4119 697 4132 --
736 4109 841 4145 tumore
851 4095 958 4164 poetico
970 4092 1070 4160 sistus,
1081 4094 1108 4146 in
1118 4095 1240 4146 exercita-

190 4169 276 4222 Marui
294 4167 417 4222 Minucii.
435 4171 514 4224 Livio
533 4171 628 4222 dicitur
646 4171 696 4222 Lu-
737 4167 1240 4243 meutarietorioaabripiatur:sedhoc

1099 4274 1114 4328 7
