3156 4950
347 432 404 520 *tt
667 425 704 488 n
728 423 883 487 inser
906 421 1051 487 rnonr

341 547 470 639 solem,
497 545 736 646 obrutumque
760 549 859 646 aquis
884 549 1002 644 ignem
1026 569 1100 617 non
1124 549 1199 618 sine
1222 544 1379 644 quodam

292 675 322 728 ¹³
342 663 525 765 sacrilegii
531 679 627 736 metu
646 678 681 734 et
694 659 844 733 horrore
858 657 1104 758 deprehendite
1122 657 1192 731 Sed
1208 674 1284 733 tota
1302 686 1380 733 cer-

262 839 263 843 *
340 783 515 852 terminum
537 775 648 849 moles
672 801 751 846 curn
776 776 949 846 Lusitanis
971 773 1057 864 fuit,
1084 790 1120 851 et
1142 776 1379 864 Numantinis3

341 921 408 968 neo
427 897 606 978 immerito
623 919 630 962 ε
655 897 788 991 quippe
808 889 889 962 solis
906 895 1062 990 gentium
1079 893 1257 989 Hispaniae
1272 889 1379 964 duces

341 1014 572 1109 contigerunt.
594 1009 728 1080 Fuisset
748 1025 885 1078 etcum
907 1003 1070 1078 omnibus
1091 1005 1292 1096 Celtiberis,
1314 1010 1379 1078 nisi

290 1138 292 1143 ’
341 1125 411 1197 dux
431 1124 522 1196 illius
540 1140 657 1198 motus
674 1127 772 1194 initio
790 1119 874 1194 belli
891 1145 1078 1219 oppressus
1095 1137 1201 1211 esset,
1222 1147 1378 1193 summus
1427 1133 1429 1136 ’

291 1261 324 1329 ι4
341 1245 395 1314 vir
410 1256 487 1314 astu
509 1257 544 1313 et
564 1240 730 1328 audacia,
753 1243 856 1310 sires
879 1241 1051 1326 cessisset,
1074 1235 1297 1324 Salondicus,
1318 1241 1379 1336 qni

338 1355 476 1430 hastam
490 1372 693 1454 argenteam
708 1357 884 1453 quatiens,
905 1350 1002 1425 velut
1016 1352 1102 1426 celo
1117 1356 1276 1441 missam,
1292 1355 1381 1424 veti·

339 1473 470 1544 cinanti
484 1469 622 1558 similis,
641 1473 799 1542 omnium
816 1473 851 1542 in
866 1493 903 1540 se
914 1484 1048 1540 mentes
1063 1485 1294 1542 converterat.
1310 1466 1380 1540 Sed

339 1608 449 1684 quum
459 1588 537 1682 pari
547 1588 744 1655 temeritate
753 1580 818 1654 sub
829 1599 933 1655 nocte
944 1598 1057 1681 cestra
1066 1581 1217 1655 consulis
1227 1581 1377 1670 adiisset,

290 1721 322 1776 15
334 1697 434 1797 juxta
448 1704 642 1774 tentorium
658 1704 773 1798 ipsum
789 1697 862 1798 pilo
879 1698 991 1798 vigilis
1008 1717 1173 1798 exceptus
1187 1716 1249 1772 est
1269 1702 1380 1772 Caete·

337 1841 418 1888 rum
437 1817 622 1890 Lusitanos
633 1813 813 1887 Viriathus
835 1819 962 1904 erexit,
986 1819 1041 1887 vir
1061 1814 1259 1887 calliditatis
1283 1841 1380 1888 acer-

337 1934 454 2018 rimae3
476 1935 537 2028 qui
559 1957 601 2004 ex
621 1946 789 2004 venatore
809 1927 920 2018 latro,
944 1955 986 2004 ex
1008 1927 1145 2008 latrone
1168 1928 1283 2003 subito
1306 1926 1379 2000 dux

338 2060 443 2144 etque
469 2050 674 2146 imperator,
700 2061 753 2136 et,
780 2050 807 2118 si
832 2045 977 2117 fortuna
1001 2050 1173 2136 cessisset,
1199 2047 1378 2142 Hispaniae

337 2157 606 2250 Romulus,non
616 2176 802 2234 contentus
810 2157 1011 2231 libertatem
1022 2183 1164 2230 suorum
1176 2155 1377 2246 defendere,

338 2299 404 2371 per
417 2275 685 2373 quatuordecim
700 2301 809 2348 annos
823 2278 943 2346 omnia
960 2278 1047 2346 citra
1061 2272 1224 2372 ultraque
1237 2273 1379 2346 Iberum

291 2408 322 2462 ιθ
340 2403 376 2460 et
387 2389 525 2488 Tagum
541 2393 613 2487 igni
631 2389 797 2488 ferroque
813 2386 1020 2488 populatus;
1040 2403 1154 2460 castra
1171 2391 1277 2460 etiam
1289 2412 1379 2484 prae-

235 2507 237 2511 ’
338 2518 459 2574 torum
476 2519 513 2575 et
531 2504 722 2602 presidum
740 2529 933 2603 eggressus,
955 2500 1141 2574 Claudium
1163 2503 1379 2574 Unimanum

339 2641 439 2714 paene
458 2617 504 2696 ad
520 2621 799 2712 internecionem
820 2619 991 2690 exercitus
1012 2614 1158 2704 cecidit,
1178 2630 1213 2686 et
1231 2616 1379 2711 insignia

339 2775 401 2827 iem.
420 2779 476 2830 Hoc
493 2775 554 2829 ideo
570 2776 634 2828 dicit
649 2776 759 2840 Florus,
778 2776 839 2845 quie
879 2775 997 2845 contigit.
1013 2803 1050 2814 -
1065 2775 1186 2828 Summus
1203 2775 1243 2828 vr'r
1256 2785 1341 2828 astu...
1359 2772 1380 2825 ri

339 2854 482 2908 eredebant
491 2868 605 2920 veteres,
616 2855 769 2924 Hispaniam
777 2851 841 2904 ulti·
879 2873 916 2908 rer
927 2855 1039 2909 cessisset.
1050 2859 1153 2928 Nempe
1165 2858 1210 2929 qui
1222 2855 1379 2909 ostendisset

338 2948 408 2988 mem
420 2955 477 2990 esse
489 2949 585 2988 metam
597 2935 663 3001 soii,
679 2947 704 2986 et
718 2933 755 2986 ihi
765 2931 840 2986 illurn
880 2947 994 3006 quantus
1007 2937 1047 2986 vir
1060 2947 1128 2988 esset
1141 2949 1201 2989 estu
1217 2949 1242 2988 et
1257 2934 1379 2999 audacia,

339 3015 366 3066 in
379 3017 461 3069 marie
473 3015 575 3068 cedere.
590 3043 626 3056 --
637 3015 697 3068 Non
710 3014 765 3066 eine
777 3027 840 3084 quo·
880 3016 902 3067 si
915 3033 955 3068 rer
969 3013 1003 3067 ab
1017 3015 1092 3067 initio
1106 3033 1161 3067 non
1175 3029 1229 3067 tarn
1241 3013 1310 3066 male
1322 3031 1379 3067 cet·

338 3093 400 3146 dem
410 3093 540 3169 saeriieqii
549 3103 649 3145 metu...
663 3090 838 3162 deprehendit
880 3095 963 3148 sisset.

337 3177 427 3228 innuit
435 3174 479 3228 hic
487 3175 582 3226 Florus
593 3172 757 3243 sacrilegium
766 3189 839 3242 pene
918 3171 958 3226 r5.
974 3173 1110 3244 Hispaniae
1124 3170 1259 3224 romulus.
1277 3169 1308 3220 td
1324 3183 1381 3235 est,

339 3255 434 3320 inisse,
445 3253 599 3327 praegrande
610 3253 675 3305 illud
687 3254 839 3326 mysterium
878 3253 1007 3308 fundator
1018 3267 1044 3308 et
1062 3253 1185 3307 conditor
1202 3251 1307 3324 imperii
1321 3253 1379 3305 uis-

339 3351 428 3385 eorem
442 3329 649 3403 deprehendere.
665 3332 749 3394 Nam,
762 3331 840 3382 nteit
879 3335 961 3404 pani¹
981 3345 1010 3387 ut
1032 3333 1142 3386 Romani
1164 3331 1312 3397 Romulus,
1334 3333 1381 3402 qui

338 3411 422 3461 Tacit.
438 3409 525 3462 Germ.
541 3409 591 3476 34,
605 3425 635 3478 7:
651 3429 662 3453 e
673 3407 793 3460 Sanctius
808 3425 839 3460 ac
879 3413 957 3464 etiem
967 3431 998 3465 ex
1008 3424 1132 3464 venatore
1143 3410 1224 3472 ietro;
1236 3427 1267 3462 ex
1276 3409 1379 3462 latrone

342 3509 354 3533 ι
364 3489 526 3540 reverentius
537 3489 637 3553 visum,
651 3484 685 3538 de
697 3487 761 3538 actis
773 3486 839 3538 deo·
877 3491 1023 3562 imperator
1033 3501 1161 3545 evaserat.

342 3589 354 3613 ι
363 3585 421 3620 rum
437 3567 560 3633 credere,
578 3584 657 3637 quern
673 3569 769 3619 scire.»
786 3569 839 3620 Cur
917 3571 956 3623 16.
968 3571 1118 3625 Proesidum.
1128 3568 1218 3621 Plures
1229 3566 1308 3620 codd.
1317 3581 1381 3638 pree-

339 3664 402 3717 ergo
416 3645 482 3699 ittud
497 3659 550 3698 tam
562 3643 684 3718 putidum
696 3645 838 3698 inclamant
877 3647 988 3700 sidium.-
1002 3651 1078 3704 maie.
1094 3647 1216 3702 Praesides
1231 3661 1318 3699 netem
1329 3664 1379 3716 pro
1447 3693 1451 3700 .

337 3729 462 3802 Scaliger,
476 3728 590 3781 Graerins
605 3727 719 3800 aliique?
735 3727 838 3796 Quidve
876 3731 1006 3801 presentis
1024 3733 1221 3804 provinciarum
1239 3727 1347 3778 florum
1367 3745 1381 3778 e

338 3811 410 3862 eliud
416 3811 495 3863 Floro
506 3809 698 3881 objiciendum,
706 3809 757 3862 nisi
765 3808 837 3882 quod
868 3827 951 3881 'more
965 3810 1005 3861 sui
1019 3811 1145 3880 temporis
1156 3805 1244 3859 dicere
1256 3802 1381 3856 observet

337 3906 445 3962 poetam
461 3895 550 3968 potius
567 3904 642 3964 aget,
657 3909 735 3965 quem
751 3891 837 3946 histo·
877 3887 1024 3960 Schulting.
1034 3889 1203 3942 adsenecem
1212 3887 1380 3940 controvers.

338 3974 440 4024 rieum?
876 3967 963 4021 XXV:
983 3987 1032 4020 nec
1051 3981 1138 4021 temen
1159 3967 1255 4018 scimus
1274 3961 1381 4014 Cicero·

378 4047 416 4103 13.
441 4049 575 4122 Hispaniae
600 4052 681 4103 duces.
707 4049 837 4105 Lusitanis
877 4065 951 4112 nem,
964 4039 1381 4113 eutLivium,aiioevevetuseio-

336 4127 468 4196 Viriatus,
481 4127 647 4181 Numantinis
661 4127 768 4198 Megara
783 4125 837 4178 dux
877 4143 936 4177 rum
947 4126 983 4177 ite
995 4123 1078 4194 toqui.
