3156 4950
522 511 664 575 urnun
688 509 912 576 Tnur1us.
1174 530 1238 598 209

198 630 1239 742 profugi,quumterraseoruminundassetOceanus,novns

200 755 299 830 sedes
307 768 384 827 toto
395 749 483 824 orbe
495 746 718 847 quaerebant3
732 743 931 844 exclusique
941 745 1057 819 Gallia
1069 764 1105 819 et
1116 751 1240 848 Hispa·
1277 799 1290 831 2

200 877 276 961 nia,
292 895 404 969 quum
423 871 460 938 in
480 863 619 937 ltaliam
640 867 889 962 remigrarent,
911 867 1038 937 misere
1055 864 1189 965 legatos
1205 871 1242 939 in

201 1002 315 1058 castra
327 981 453 1071 Sileni,
472 980 555 1053 inde
570 979 616 1052 ad
630 987 808 1066 senatum,
823 992 1000 1074 petentes,
1018 995 1083 1052 «nt
1096 982 1244 1055 Martius

207 1100 385 1201 «populus
403 1096 538 1197 aliquid
553 1095 620 1167 sibi
637 1111 739 1168 terrae
756 1092 874 1180 daret,
893 1097 992 1191 quasi
1006 1080 1242 1192 stipendium:

207 1231 419 1298 «ceterum,
437 1227 477 1282 ut
487 1208 610 1299 vellet,
627 1206 790 1280 munibus
807 1221 913 1304 atque
930 1209 1035 1277 armis
1051 1214 1119 1280 suis
1133 1227 1246 1283 utere·

209 1350 303 1404 «tur.
316 1364 330 1394 n
347 1327 417 1401 Sed
431 1351 518 1426 quas
532 1323 633 1396 daret
647 1340 757 1396 terras
771 1319 923 1419 populus
937 1323 1134 1412 Romanus,
1151 1351 1247 1424 agra-
1283 1365 1299 1416 3

204 1451 264 1520 riis
283 1443 418 1544 legibus
435 1446 529 1513 intra
544 1465 580 1511 se
595 1435 844 1512 dimicaturus?
857 1435 1000 1535 Repulsi
1015 1441 1132 1536 igitur,
1149 1441 1248 1540 quod

206 1563 437 1660 nequiverant
450 1553 631 1655 precibus,
647 1556 753 1628 armis
767 1567 887 1650 petere
902 1557 1128 1626 constituunt.

207 1783 299 1819 verum
321 1767 355 1818 sit
374 1761 407 1818 de
429 1767 578 1838 Tigurinis,
599 1785 654 1818 non
675 1762 708 1818 de
747 1761 833 1836 pulsi,
847 1761 926 1814 italie
939 1759 1035 1816 finibus
1049 1764 1249 1834 appropinqua-

208 1840 321 1898 Cimbris
339 1857 365 1896 et
382 1845 519 1896 Teutonis.
536 1843 605 1910 Sed,
622 1846 708 1915 inquit
747 1844 960 1916 runt,etPupirii
969 1843 1096 1896 Carbonis
1107 1847 1250 1897 exereitum

207 1924 336 1992 Graevius,
345 1923 438 1976 Florus
447 1923 550 1976 videtur
558 1925 637 1976 etiem
646 1923 708 1974 Ger·
749 1923 782 1976 nd
794 1925 918 1977 Nomium
934 1923 1087 1976 ceciderunt
1097 1928 1130 1976 A.
1142 1928 1175 1977 U.
1189 1924 1248 1990 541.

208 2005 323 2055 maniam
334 2001 430 2054 dixisse
441 2002 567 2070 Galliam,
578 2001 650 2074 quod
662 2020 708 2054 on·
749 1994 816 2056 Hinc
828 2003 916 2056 denuo
928 2017 999 2056 retro
1012 2005 1131 2056 conversi
1142 2004 1176 2056 nd
1188 2003 1252 2056 Gul-

209 2081 348 2153 tiqnissinsi
370 2079 460 2134 Gallius
485 2081 578 2133 incolae
600 2082 709 2133 fuerunt
749 2082 827 2148 liam,
842 2082 974 2155 pulsoque
991 2083 1022 2134 A.
1042 2085 1075 2134 U.
1092 2082 1144 2149 645
1163 2081 1251 2134 Silano

208 2161 347 2222 Germani;
362 2162 430 2213 sicut
441 2161 525 2214 Greci
536 2160 624 2214 Celtas
635 2159 710 2212 dixe·
749 2179 839 2214 versus
856 2160 957 2216 ltaliam
971 2161 1054 2214 alters
1065 2163 1120 2230 jam
1135 2162 1209 2226 vice,
1227 2175 1252 2214 et

210 2255 271 2292 runt
290 2241 436 2294 Germanos
457 2254 484 2292 et
502 2239 610 2307 Gallos,
629 2259 711 2313 quum
752 2239 1253 2312 absltera,scilicetoccidentali,parte

210 2319 711 2391 proprieHispanisintCeltse.-Quum
752 2318 957 2372 contendebant.
979 2320 1036 2370 Hoc
1056 2318 1164 2385 Florus,
1185 2337 1253 2391 prae·

213 2409 289 2453 terras
307 2417 396 2452 eorsum
421 2400 568 2454 inundasset
581 2402 710 2470 Oceanus.
752 2400 830 2451 terito
848 2397 977 2450 Carbonis
996 2396 1102 2470 prelio,
1123 2402 1253 2471 paucissi-

211 2476 319 2544 Fiorus,
338 2477 392 2538 hoe
409 2479 487 2546 loco,
505 2499 560 2532 non
571 2479 612 2534 ¹de
631 2491 711 2542 estu,
752 2480 801 2530 mis
814 2479 913 2546 verbis,
926 2497 1008 2552 quum
1019 2479 1047 2531 in
1057 2477 1165 2531 Italicus
1177 2481 1254 2531 remi-

212 2554 258 2608 sed
274 2555 448 2610 inundatione
462 2559 562 2613 Oceani
579 2556 710 2630 loquitur:
750 2569 872 2629 urerent,
886 2559 1031 2629 significare
1042 2558 1153 2611 videtur.
1164 2560 1251 2610 Ttszs.

213 2653 262 2705 qua
282 2637 361 2690 etiam
376 2637 540 2704 Ambrones,
557 2639 603 2710 qni
618 2636 713 2690 deinde
742 2635 967 2708 '—-Stipendium.
981 2637 1065 2704 Quasi
1075 2636 1216 2693 militibuss
1229 2649 1254 2688 et

212 2715 323 2770 Cimbris
334 2718 515 2790 Teutonisque
528 2735 556 2770 se
569 2717 713 2786 conjunxc·
753 2714 815 2767 inde
826 2727 866 2766 est
880 2713 954 2785 quod
963 2732 1025 2766 mox
1034 2713 1140 2778 dicunt,
1153 2729 1203 2766 ant
1215 2733 1262 2766 ses.

212 2796 713 2870 runt,sedibusexpnisosfuissesuetor
756 2793 1255 2864 snatusrnenibusstqueermispeten·

214 2886 253 2926 est
262 2892 321 2926 voc.
336 2875 430 2928 Festus
441 2875 469 2927 in
480 2874 632 2928 Ambrones.
756 2895 767 2916 ι
777 2874 843 2924 tium
858 2885 984 2924 uteretur.
996 2893 1007 2918 υ

251 2971 274 3004 u.
287 2951 372 3021 Quum
383 2951 525 3006 indtaiiam
537 2955 712 3025 retusius-urent.
790 2949 814 3000 3.
834 2949 949 3020 Aqraris‘s
968 2947 1071 3020 leqs'bus.
1086 2949 1197 2999 Temere
1211 2947 1256 3000 bic

214 3029 276 3080 Non
300 3043 339 3084 est
362 3048 430 3101 opus
455 3043 484 3083 ut
505 3050 566 3082 cum
588 3029 713 3084 Scimssio
754 3025 1255 3097 reprehenditFlorumGraevius,quum

214 3107 388 3160 rescribamus
410 3119 574 3182 reynerum,
593 3121 639 3160 aut
655 3123 716 3159 cum
756 3105 792 3156 nit
807 3105 942 3156 Romanos
958 3101 1005 3155 diu
1021 3116 1081 3155 ante
1095 3104 1256 3158 Cimbricum

213 3177 396 3241 Freinshemio
424 3187 605 3259 demiqrassnt.
631 3188 716 3238 Fame
756 3181 855 3234 beilum
870 3180 903 3233 de
918 3199 1039 3252 agrorum
1053 3182 1182 3238 divisione
1198 3203 1257 3236 cer-

214 3265 373 3332 inservicns‚
388 3265 525 3336 scripsisse
536 3263 601 3318 mihi
614 3261 717 3316 ridetur
757 3276 826 3316 tasse
831 3293 843 3328 ,·
850 3260 963 3316 ducibus
973 3263 1003 3314 T.
1014 3263 1169 3335 Sempronio
1176 3263 1256 3317 Grec·

215 3341 322 3408 Florus,
332 3342 461 3395 Barbaros
471 3341 531 3396 illos
540 3341 671 3430 populos,
682 3340 716 3394 ab
757 3341 827 3408 cho,
840 3355 866 3396 et
877 3355 1003 3414 preterea
1015 3357 1124 3396 auctore
1134 3345 1163 3396 C.
1175 3345 1257 3398 Grac·
1330 3373 1333 3378 ·

217 3422 338 3472 extremis
358 3421 449 3476 Gallim
467 3423 614 3494 profugos,
633 3438 716 3474 noves
757 3421 819 3474 cho.
829 3421 913 3490 Quasi
921 3420 973 3474 hoc
983 3420 1044 3474 loco
1054 3441 1108 3474 non
1119 3422 1186 3476 aiios
1195 3442 1258 3476 nuc-

218 3496 293 3550 sedes
303 3509 355 3550 toto
365 3501 423 3552 orbe
432 3505 587 3574 quaesivisse.
598 3503 717 3574 Nonpo·
758 3515 814 3569 tor,
830 3519 910 3573 quum
924 3501 1094 3555 Gracchanus
1110 3501 1169 3555 ilios
1185 3503 1259 3576 eogi-

219 3591 286 3630 terat
297 3591 385 3630 tamen
396 3580 434 3632 iili
446 3601 502 3634 esse
514 3585 634 3654 ignotum
644 3581 718 3656 quod
758 3595 814 3634 tare
823 3579 1040 3652 voluerit,quutn
1052 3581 1161 3653 pianum
1174 3585 1207 3636 sit
1217 3584 1259 3635 vei
1289 3585 1295 3606 ⁴

219 3657 304 3712 cam
313 3657 443 3729 prodidit,
452 3661 571 3718 Cimbros
583 3678 609 3716 et
619 3666 718 3716 Teuto·
759 3681 791 3714 ex
802 3662 885 3733 ipsius
897 3661 1000 3728 serbis,
1012 3679 1071 3733 esp.
1086 3661 1117 3713 16
1128 3673 1155 3713 et
1167 3678 1197 3730 ιγ
1210 3662 1259 3713 hu·

220 3755 284 3803 uos,
298 3749 400 3790 tentata
412 3739 526 3807 primum
537 3741 623 3794 Gallia
633 3760 649 3794 n
661 3739 719 3792 Bel-
758 3746 801 3814 jus
819 3739 897 3807 libri,
911 3753 973 3812 post
986 3739 1149 3792 Cimbricum
1160 3739 1260 3792 beilum

220 3819 258 3888 gis
273 3814 395 3889 repulsos
408 3835 482 3883 esse,
495 3815 524 3868 id
539 3817 612 3890 quod
628 3833 721 3872 osten·
760 3837 842 3872 noves
859 3818 1002 3872 seditiones
1018 3818 1051 3870 de
1067 3817 1161 3872 iisdem
1178 3819 1262 3874 Grac-

221 3894 288 3948 dunt
304 3894 402 3961 verba,
421 3893 567 3968 exclusique
587 3897 677 3950 Gallia
696 3909 723 3948 et
762 3897 854 3950 chattis
870 3897 973 3966 legibus
990 3915 1038 3967 per
1052 3897 1221 3951 Saturninum
1236 3913 1263 3953 et

221 3974 359 4044 Hispania.
369 3975 438 4026 Tum
453 3973 560 4028 demum
576 3973 724 4028 secundum
763 3980 893 4042 Drusum,
906 3975 1028 4028 tribunos
1040 3978 1139 4050 plebis,
1151 3999 1208 4035 esse
1219 4001 1264 4036 ex·

221 4051 589 4124 thnirt'pasedscendcntes,
596 4053 723 4126 ablegatis
764 4056 865 4107 citatas.
877 4055 917 4121 Si,
932 4070 994 4128 post
1007 4056 1143 4112 Gracchos
1154 4076 1181 4113 et
1193 4060 1264 4114 Cim·
1292 4083 1296 4092 ’

225 4131 261 4184 ibi
281 4135 310 4186 in
330 4133 444 4186 Gelliam
463 4135 606 4200 Teutonis,
626 4132 726 4189 Cimbri
764 4133 1267 4212 bricumbellum‚nonsmpliusRorns·

226 4215 307 4266 secuti
325 4213 491 4282 Danubium,
508 4227 534 4266 et
551 4233 566 4266 a
582 4211 725 4266 Scordiscis
767 4213 1266 4290 uuspopulussgrsriisicgibusintrase

1115 4309 1143 4374 ¹4
