3156 4950
521 602 665 669 LIBER
686 601 909 670 TERTIUS.
1173 605 1232 670 261

193 725 351 800 violaret.
362 726 518 800 Vixdum
532 732 766 826 respiraverat
777 725 905 816 insula,
920 752 1031 826 quum
1042 729 1237 801 statimser·
1270 759 1289 812 o

192 846 245 930 vi,
258 856 293 914 et
306 868 327 915 a
339 838 428 941 Syro
438 841 575 914 reditur
584 842 630 914 ad
640 841 798 915 Cilicem:
810 839 963 914 Athenio
973 857 1113 940 pastor,
1125 847 1237 915 inter-

193 953 288 1028 fecto
312 954 477 1045 domino,
500 955 672 1028 familiam
694 954 868 1054 ergastulo
891 953 1077 1029 liberatam
1102 955 1167 1028 sub
1188 961 1237 1028 si·
1340 1025 1345 1030 .

193 1073 270 1168 gnis
280 1069 431 1141 ordinat.
443 1071 521 1166 lpse
530 1085 626 1141 veste
636 1084 1081 1168 purpurea,argenteoque
1091 1066 1237 1161 baculo,
1258 1102 1290 1138 ιο

195 1202 231 1259 et
250 1191 386 1284 regium
405 1189 442 1258 in
462 1211 600 1257 morem
617 1183 736 1257 fronte
754 1182 937 1273 redimita,
955 1209 1027 1256 non
1042 1188 1237 1274 minorem,

194 1326 302 1400 quam
311 1297 369 1372 ille
378 1298 551 1371 fanaticus
561 1301 676 1396 prior,
693 1297 1040 1387 conflatexcrcitum3
1055 1302 1240 1396 acriusque

90 1477 92 1482 .
195 1415 324 1505 multo,
345 1419 444 1514 quasi
461 1412 612 1486 stillum
628 1412 839 1502 vindicaret,
858 1418 971 1503 vicos,
991 1412 1149 1506 castella,
1170 1438 1239 1511 op-

194 1530 281 1630 pida
298 1528 483 1629 diripiens,
508 1532 546 1600 in
565 1526 743 1618 dominos,
765 1532 802 1600 in
819 1553 939 1602 servos
955 1527 1116 1618 infestus,
1141 1533 1239 1628 quasi
1263 1560 1268 1574 ·

195 1651 233 1720 in
247 1645 462 1744 transfugas,
475 1642 647 1717 saeviehat.
665 1642 721 1717 Ab
735 1641 805 1716 hoc
820 1669 963 1744 quoque
976 1647 1133 1742 praetorii
1145 1670 1240 1716 exer·
1259 1690 1286 1725 u

196 1765 286 1833 citus
310 1765 405 1850 caesi,
430 1775 534 1857 capta
555 1757 690 1832 Servilii
712 1775 843 1848 castra,
868 1775 973 1857 capta
994 1757 1143 1830 Luculli.
1170 1757 1240 1830 Sed

195 1873 370 1974 Aquilius,
383 1879 569 1972 Perperuae
579 1899 661 1945 usus
672 1872 853 1970 exemplo,
862 1870 1091 1944 interclusum
1099 1871 1239 1944 hostem

196 1990 452 2064 commeatibus
475 1989 521 2063 ad
544 2005 700 2074 extrema
721 1988 909 2089 compulit,
935 1993 1240 2088 communitasquc

195 2111 317 2205 copias
337 2110 443 2178 armis
465 2104 560 2179 fame
582 2103 855 2178 faciledelevit:
878 2105 1162 2204 dedidissentque
1185 2130 1241 2194 sc,

194 2224 262 2292 nisi
278 2217 535 2317 suppliciorum
546 2234 644 2290 metu
655 2216 891 2292 voluntariam
904 2234 1058 2292 mortem
1069 2217 1242 2319 praetulis-

195 2349 283 2407 sent.
307 2334 359 2405 Ac
376 2359 420 2405 ne
435 2331 480 2404 dc
499 2333 590 2405 duce
607 2331 753 2431 quidem
769 2332 983 2431 supplicium
1000 2337 1089 2432 exigi
1104 2337 1239 2432 potuit,
1261 2371 1290 2406 n

196 2453 355 2549 quamuis
371 2452 408 2520 in
424 2473 548 2520 manus
562 2452 717 2520 venerit:
732 2452 866 2547 quippe
883 2447 969 2519 dum
986 2453 1080 2521 circa
1094 2447 1141 2522 ad
1157 2476 1240 2548 pre-

195 2561 426 2638 hendendum
436 2589 519 2634 eum
530 2560 720 2637 multitudo
736 2561 933 2654 contendit,
948 2566 1040 2636 inter
1050 2568 1239 2637 rixantium

195 2704 319 2752 manus
333 2677 455 2776 praeda
467 2675 621 2752 lacerata
634 2692 696 2750 est.

232 2882 258 2934 9.
279 2865 364 2935 Quum
375 2866 461 2917 rtatim
474 2867 547 2920 servi.
564 2861 699 2932 subaudi,
739 2865 814 2936 quasi
822 2861 875 2919 hoc
885 2863 957 2915 dieat
966 2859 1075 2928 Florus,
1086 2879 1175 2914 servos
1183 2860 1241 2914 hos·

198 2940 301 2994 adsunt.
325 2941 440 3008 Quidam
459 2943 549 3015 legunt
570 2963 586 2995 a
608 2944 698 3009 servu,
738 2955 791 2994 tem
804 2942 882 2993 armis
896 2939 1174 3011 repulisse‚sedfeme
1188 2938 1240 2992 do-

197 3015 272 3070 nullo
300 3036 396 3085 sensu,
420 3021 471 3072 nisi
494 3023 532 3072 its
560 3020 699 3090 suppleas,
738 3016 995 3070 mitosiuissc.Siin
1008 3015 1114 3086 vulgata
1126 3014 1241 3070 lectione

198 3114 279 3169 quum
297 3096 384 3148 statim
398 3097 463 3148 servi
475 3116 493 3148 a
506 3097 591 3150 servis.
608 3095 699 3148 Statim
739 3095 805 3149 nihil
819 3097 875 3148 vitii
888 3109 941 3162 est,
957 3098 1000 3148 vix
1015 3094 1065 3148 elia
1076 3110 1169 3168 potest
1185 3117 1244 3152 este

198 3187 286 3228 autem
298 3186 337 3228 est
348 3173 379 3226 31
395 3175 470 3227 anuis
482 3187 543 3246 post
555 3175 700 3244 incoeptum
739 3173 835 3227 homm
859 3173 999 3227 verborum
1018 3177 1155 3228 sententie.
1178 3175 1242 3230 tue

199 3252 234 3306 ab
242 3253 319 3306 Eunu
328 3249 436 3305 bellum.
446 3254 548 3306 -Esa
559 3253 625 3324 Syro
635 3253 701 3305 redi·
740 3255 871 3310 editiones
878 3255 976 3308 habent
988 3256 1166 3311 comminutas.

200 3332 286 3386 mad
303 3330 416 3386 Cilicon.
433 3333 524 3385 Eunus
539 3333 617 3405 Syrus
630 3345 699 3400 erat,
779 3337 902 3389 ructrca
911 3335 1163 3407 adprehendendum
1173 3355 1243 3390 eum.

199 3424 227 3490 et
246 3411 312 3462 Cilix
331 3425 423 3482 pastor
442 3409 572 3480 Athenio,
591 3411 624 3465 de
645 3430 700 3485 quo
739 3416 798 3467 Hoc
818 3413 879 3468 loeo
900 3413 989 3468 multo
1010 3415 1119 3486 prolate
1136 3417 1244 3472 fuerunt

200 3488 279 3542 inira.
740 3496 896 3566 conjecture
913 3505 939 3546 et
954 3495 1122 3548 mutationes.
1141 3496 1175 3546 At
1193 3512 1243 3546 nos

240 3585 279 3621 n.
306 3569 531 3644 Comsnunitasque
552 3572 639 3644 copias
658 3590 702 3623 ar-
740 3574 880 3626 maluimus
896 3592 1000 3626 servare
1015 3571 1155 3628 lectionem
1168 3573 1242 3628 MSS.

201 3645 258 3700 mk.
267 3645 298 3700 ld
306 3661 359 3714 est,
370 3650 448 3702 armis
457 3649 541 3720 probe
552 3651 700 3718 instructas,
741 3665 767 3706 et
776 3652 921 3706 editionum
931 3665 1057 3705 veterum.

616 3917 829 3940 *¹*-
