3108 4956
333 585 397 674 298
656 583 693 648 L.
718 585 873 648 ANNAEl
898 583 1044 648 FLOR!

213 792 216 799 ,
332 713 521 808 procurrit.
539 707 594 782 lbi
609 732 778 805 prensare
793 705 985 806 fugimus,
1000 707 1227 800 confirmae
1244 735 1309 810 per
1323 725 1378 782 ts·

332 822 1376 925 turudeniqucagmenoculis,manibns,clamore,rolitsre.

281 962 316 1016 ts
333 943 471 1014 Dicitur
490 944 528 1014 iu
549 937 609 1012 illa
631 939 899 1038 perturbatione
921 955 957 1013 et
978 937 1024 1010 de
1045 943 1209 1012 extremis
1231 943 1378 1039 ag'tasse

333 1083 472 1146 secum,
491 1059 592 1130 etita
610 1052 795 1127 manifesto
816 1051 916 1128 vultu
936 1053 1058 1144 fuisse,
1080 1058 1180 1154 qnasi
1200 1079 1379 1154 occupare

334 1199 442 1245 manu
460 1188 614 1246 mortem
630 1169 757 1245 vellet:
775 1174 841 1244 nisi
862 1169 1027 1243 cobortes
1046 1170 1201 1243 bostium
1220 1175 1379 1270 quinque

334 1314 400 1387 per
411 1305 642 1362 transversam
656 1291 770 1360 aciem
782 1301 884 1376 actae,
896 1311 982 1387 quas
993 1285 1170 1360 Labienus
1181 1284 1379 1384 periclitan-

334 1403 427 1476 tibus
443 1406 564 1476 castris
577 1401 734 1476 subsidio
750 1405 910 1492 miserat,
927 1400 1019 1501 fuge
1036 1406 1191 1500 speciem
1205 1400 1379 1500 praebuisv

283 1541 318 1608 si
335 1531 422 1588 sent.
441 1517 522 1590 Huc
536 1532 600 1588 aut
615 1519 691 1615 ipse
709 1515 878 1608 credidit,
896 1532 956 1589 ant
974 1515 1045 1588 dux
1062 1513 1209 1588 callidus
1230 1519 1379 1614 arripuit

336 1635 372 1704 iu
390 1635 635 1708 occasionem:
654 1648 690 1705 et
707 1635 807 1731 quasi
823 1636 859 1704 in
877 1629 1072 1731 fugientem
1088 1635 1260 1720 invectus,
1276 1629 1379 1705 simttl

335 1761 372 1818 et
390 1771 535 1818 suorum
553 1749 665 1818 erexit
684 1749 836 1836 animos,
852 1760 889 1816 et
901 1743 1019 1818 hostes
1032 1743 1196 1844 percidit.
1213 1746 1305 1816 Nam
1325 1741 1380 1836 bi,

337 1859 424 1932 dum
435 1887 472 1934 se
480 1875 608 1959 putant
620 1865 778 1952 vincere,
790 1859 915 1934 fortius
924 1865 1021 1959 sequi
1035 1889 1042 1932 :
1056 1863 1280 1958 Pompeiani,
1293 1859 1379 1932 dum

336 1973 459 2074 fugere
473 1975 623 2050 credunt
636 2002 735 2074 suos,
749 1977 873 2076 fugere
885 1989 1082 2077 coeperunt.

235 2115 242 2134 ¹
284 2105 320 2161 tt
384 2092 528 2182 Quanta
540 2089 647 2164 fiterit
659 2091 815 2165 bostium
828 2092 958 2180 credes,
977 2096 1048 2181 ira,
1065 2090 1251 2190 rabiesque
1264 2095 1380 2162 victo-

261 2243 262 2248 *
335 2203 452 2296 ribus,
465 2210 514 2278 sic
524 2211 687 2279 estimari
699 2224 825 2306 potest.
842 2211 921 2281 Hoc
932 2233 953 2279 a
965 2206 1088 2306 praelio
1099 2205 1256 2306 profugi,
1270 2231 1379 2305 qutun

337 2347 373 2393 se
379 2321 552 2394 Mundam
562 2328 793 2422 recepissent,
807 2339 842 2398 et
851 2327 968 2397 Caesar
978 2323 1134 2398 obsideri
1143 2327 1260 2396 statim
1269 2327 1380 2394 victos

337 2439 558 2533 imperasset,
578 2444 750 2538 congestis
767 2439 999 2512 cadaveribus
1017 2464 1124 2538 agger
1141 2438 1287 2512 effectus
1308 2453 1378 2526 est,

337 2576 417 2650 quae
431 2549 511 2650 pilis
524 2553 720 2654 jaculisque
738 2557 893 2648 confixa,
911 2561 1006 2630 inter
1018 2583 1055 2629 se
1069 2553 1297 2629 tenebantur:
1314 2552 1379 2626 foe-

287 2691 322 2750 at
338 2667 426 2740 dum
448 2672 555 2741 etiam
576 2673 668 2743 inter
691 2670 883 2746 barbaros!
913 2671 984 2745 Sed
1009 2671 1174 2746 videlicet
1194 2674 1380 2742 victoriam

338 2784 606 2884 desperantibus
619 2791 781 2888 Pompeii
798 2787 935 2880 liberis,
955 2792 1102 2862 Cnaeum
1116 2786 1239 2887 praelio
1255 2785 1381 2886 profu·

337 2925 437 2999 gum,
450 2926 553 2975 crtue
563 2908 699 2994 saucio,
713 2903 852 2980 deserta
867 2920 902 2976 et
914 2908 991 2977 avia
1002 2919 1200 3001 petentem,
1213 2903 1380 2974 Gesonius

337 3014 436 3113 apud
463 3019 665 3092 lauronem
695 3019 871 3118 oppidum
903 3034 1131 3108 consecutus,
1164 3031 1380 3116 pugnantem

288 3158 321 3226 87
338 3131 449 3230 (adeo
462 3134 621 3207 nondum
636 3134 867 3236 desperabat)
882 3135 1067 3208 interfecit.
1082 3136 1225 3208 Sextum
1240 3132 1381 3206 fortuna

338 3251 376 3318 in
392 3246 621 3322 Celtiberiam
633 3255 778 3324 interim
792 3249 996 3340 abscondit,
1015 3249 1160 3348 aliisque
1176 3264 1257 3347 post
1271 3249 1382 3320 Cesa-

288 3385 323 3440 tt
339 3388 415 3434 rem
430 3361 531 3436 bellis
550 3370 749 3440 reservavit.
767 3369 884 3438 Caesar
899 3369 935 3436 in
949 3368 1101 3464 patriam
1120 3368 1234 3436 victor
1251 3357 1381 3434 invebi·

340 3493 408 3548 tur.
428 3478 587 3550 Primum
603 3478 649 3551 de
665 3479 781 3553 Gallia
796 3477 1018 3580 triumphum
1033 3482 1274 3551 transmiserat
1288 3473 1382 3547 llbe-

376 3650 418 3704 85.
432 3652 489 3704 Hoc
499 3675 516 3708 a
525 3655 618 3726 proelio
627 3659 741 3734 profirqi.
759 3662 839 3714 Recte
879 3671 1023 3729 postquam
1035 3656 1063 3708 id
1077 3658 1228 3729 accepimus
1243 3655 1330 3706 statim
1341 3653 1382 3703 in-

338 3731 402 3802 legit
419 3734 496 3786 Anus
513 3734 605 3803 Fabri,
624 3739 697 3810 quod
715 3757 732 3792 a
750 3741 839 3812 praelio
879 3739 992 3808 geritur,
1008 3739 1072 3791 adeo
1092 3757 1145 3791 non
1158 3736 1313 3808 desperabat·
1330 3735 1383 3786 Aut

341 3812 455 3884 profugi.
480 3841 516 3854 —
536 3815 630 3888 Appen
657 3816 800 3888 Suggestus
825 3835 839 3870 e
878 3833 1023 3892 corruptus
1033 3818 1076 3871 bic
1085 3819 1231 3884 loeus,snt
1240 3829 1310 3868 certe
1321 3813 1383 3873 Flo·

340 3905 408 3946 terra
430 3906 456 3946 st
477 3893 601 3947 arborum
622 3897 738 3964 truncis,
760 3915 840 3968 quern
878 3917 924 3952 tus
939 3899 1189 3955 inconsultissimus.

340 3971 470 4042 paulatim
481 3973 647 4041 attollebant,
659 3989 684 4029 et
694 3979 842 4030 ressusUr·
914 3980 959 4049 87.
967 3977 1112 4050 Aliisque...
1121 3976 1203 4030 bellis.
1212 3975 1317 4046 Nempe
1324 3991 1384 4024 coss·

341 4050 401 4103 bem
412 4051 608 4122 producebaut;
623 4069 652 4108 ut
662 4075 696 4108 ex
708 4055 762 4109 alto
771 4069 801 4108 et
810 4075 841 4108 ex
882 4072 921 4111 trs
933 4061 1080 4112 Octavium.

343 4131 422 4202 plano
437 4151 497 4186 cum
508 4133 643 4199 hostibus,
661 4137 705 4207 qui
722 4154 770 4205 pro
783 4155 842 4188 mu·
919 4139 960 4190 88.
995 4137 1170 4209 Triumphum
1202 4135 1383 4186 insanimus.

343 4215 378 4265 ris
392 4212 510 4278 stabant,
523 4229 692 4268 ‹rorrseresunt
707 4213 822 4269 morsum.
882 4217 1006 4285 Apertius
1025 4215 1149 4268 dixisset:
1172 4215 1272 4285 primus
1291 4211 1385 4261 trium·

379 4291 421 4344 86.
436 4291 577 4344 Victoriam
591 4293 789 4364 desperantibus.
810 4298 840 4346 lit
882 4296 950 4367 plius
967 4297 1017 4348 fuit
1032 4297 1066 4348 de
1081 4295 1182 4360 Gallia,
1200 4296 1226 4346 in
1241 4295 1316 4362 cujus
1330 4292 1385 4342 fer-
