3108 4956
486 457 630 522 LIBER
653 453 892 540 QUARTUS.
1146 460 1212 550 3¹9

162 584 213 657 las
236 582 356 683 plures
379 579 528 674 adortae,
553 577 742 654 missilibus
763 579 885 672 simul,
907 597 987 654 turn
1008 583 1144 674 rostris,
1166 585 1213 658 ad

162 701 239 774 haec
252 699 391 801 ignibus
401 699 525 801 jactis,
542 699 589 772 ad
603 697 790 772 arbitrium
804 697 1029 798 dissipavere.
1051 703 1124 775 Neo
1140 701 1213 777 ulla
1248 741 1263 793 7

164 845 202 891 re
229 822 340 918 magis
367 813 549 890 hostilium
576 821 762 915 copiarum
791 821 958 915 apparuit
981 819 1211 919 magnitudo,

163 959 272 1033 quam
288 948 369 1031 post
386 935 584 1006 victoriam.
607 929 752 1030 Quippe
771 935 944 1004 immensa
965 931 1099 1025 classis,
1120 961 1212 1008 nau·

162 1047 279 1150 fragia
291 1047 374 1121 belli
386 1046 499 1138 facto,
510 1064 589 1121 toto
598 1051 688 1120 mari
701 1047 900 1138 ferebatur3
915 1048 1162 1150 Arabumque,
1178 1069 1215 1124 et

163 1165 387 1254 Sabaeorum,
401 1181 437 1237 et
447 1161 546 1237 mille
559 1161 706 1236 aliarum
722 1167 883 1262 gentium
895 1165 986 1236 Asiae
996 1163 1123 1263 spolia,
1132 1195 1214 1266 pur·

164 1307 309 1381 puram,
323 1303 536 1381 aurumque,
547 1285 584 1352 in
594 1283 710 1378 ripam
721 1279 860 1353 assidue
869 1295 968 1352 mota
978 1285 1091 1354 ventis
1102 1286 1215 1356 maria

165 1395 406 1470 revomebant.

211 1511 331 1580 Prima
346 1505 419 1578 dux
432 1504 525 1606 fugae
538 1509 679 1605 regina,
695 1531 777 1578 cum
789 1531 897 1582 aurea
909 1533 1051 1608 puppe,
1064 1506 1215 1610 veloque
1250 1539 1266 1592 s

163 1645 365 1720 purpureo,
378 1625 416 1692 in
432 1617 543 1693 altum
559 1619 671 1694 dedit.
691 1619 778 1692 Mox
791 1637 929 1694 secutus
945 1625 1136 1696 Antonius:
1153 1624 1216 1697 sed

61 1828 65 1840 Ι
165 1739 295 1806 instare
311 1737 465 1834 vestigiis
477 1735 606 1808 Caesar.
622 1737 745 1835 ltaque
757 1761 823 1807 uec
839 1754 1039 1836 praeparata
1051 1739 1216 1811 inOcea-
1249 1765 1266 1817 9

164 1873 252 1921 num
267 1846 368 1948 fuga,
381 1873 448 1920 nec
466 1853 603 1922 munita
618 1848 791 1947 praesidiis
808 1865 958 1952 utraque
977 1855 1121 1952 AEgypti
1138 1879 1216 1926 cor-

165 1987 256 2052 nua,
278 1965 514 2036 Paraetonium
536 1981 642 2064 atque
667 1963 860 2055 Pelusium,
884 1965 1072 2065 profuere:
1100 1994 1216 2066 prope

165 2101 273 2150 manu
292 2075 517 2152 tenebantur.
536 2081 640 2152 Prior
657 2079 793 2153 ferrum
811 2085 1002 2180 occupavit
1017 2083 1214 2154 Antonius:

166 2197 287 2292 regina
304 2192 350 2266 ad
361 2191 471 2292 pedes
484 2195 630 2266 Caesaris
644 2193 835 2292 provoluta
850 2199 999 2268 tentavit
1011 2191 1133 2268 oculos
1148 2193 1217 2267 du-

166 2305 386 2379 ciszfrustra:
396 2333 480 2379 nam
487 2305 717 2405 pulchritudo
725 2313 817 2380 intra
827 2307 1037 2407 pudicitiam
1047 2312 1217 2408 principis

165 2409 243 2494 luit.
259 2421 333 2494 Nec
345 2419 406 2494 illa
421 2420 568 2514 devita,
582 2449 660 2522 quae
673 2421 903 2515 oflerebatur,
916 2421 979 2498 sed
995 2426 1040 2500 de
1051 2440 1154 2525 parte
1166 2451 1218 2498 rc-
1229 2441 1269 2495 ’ω

164 2541 240 2636 gni,
252 2535 450 2611 laborabat.
464 2535 574 2630 Quod
584 2538 646 2611 ubi
659 2565 679 2611 a
691 2543 854 2639 principe
867 2540 1085 2639 desperavit,
1101 2567 1216 2614 serva·
1274 2561 1281 2568 ·

166 2657 265 2752 rique
276 2679 313 2726 se
324 2651 509 2753 triumpho
520 2653 624 2743 vidit,
638 2659 873 2727 incautiorem
885 2672 989 2728 nacta
999 2656 1215 2746 custodiam,

166 2773 203 2839 in
217 2767 441 2841 Mausoleum
455 2793 492 2841 se
511 2768 690 2867 (sepulcra
708 2796 834 2869 regum
848 2773 897 2841 sic
914 2771 1062 2862 vocant)
1078 2771 1215 2868 recipit.

167 2881 467 2974 ibimaximos,ut
479 2882 629 2973 solebat,
644 2885 769 2958 induta
781 2884 910 2974 cultus,
925 2889 962 2956 in
973 2882 1117 2955 differto
1128 2883 1218 2956 odo-
1238 2919 1265 2954 tt

204 3144 343 3196 alnum
356 3143 469 3217 uestigiis
483 3146 573 3197 Casan
586 3146 673 3195 Hora·
715 3143 818 3196 adonia
847 3141 1035 3214 Philippum·
1067 3171 1102 3182 —
1132 3141 1218 3216 Prope

168 3223 219 3275 tius
238 3224 315 3276 etiam
335 3221 385 3276 od.
405 3224 431 3288 1,
451 3223 500 3294 37:
523 3227 673 3276 «Mement-
713 3239 795 3274 manu
808 3223 967 3275 tenebuntur.
984 3223 1014 3272 ln
1031 3239 1063 3274 eo
1074 3235 1150 3274 erant
1162 3222 1219 3274 Διι-

171 3321 244 3374 ·que
257 3301 421 3376 lymphatam
435 3303 583 3357 Mareotico
596 3302 673 3356 redc-
713 3305 802 3357 tonius
813 3316 840 3355 et
853 3302 1010 3374 Cleopatra,
1021 3315 1051 3354 ut
1062 3303 1089 3354 in
1098 3315 1218 3374 potesta·

171 3382 228 3452 ·git
248 3383 276 3433 in
292 3400 369 3436 veroa
390 3385 499 3437 timores
517 3383 617 3448 Cacsar,
637 3381 671 3434 ab
712 3397 765 3436 tem
777 3383 886 3436 Caesaris
897 3383 1025 3436 venirent.

171 3485 182 3509 ι
192 3461 266 3515 ltalia
274 3463 409 3517 voluntem
418 3467 496 3518 ramis
506 3465 647 3536 adurgens.
657 3485 669 3511 ι
752 3479 789 3516 ιο.
804 3461 977 3514 Pulchritudo
986 3461 1054 3512 iutrn
1062 3459 1216 3532 pudicitiam

167 3541 195 3594 si
206 3553 299 3594 contra
312 3541 405 3595 credam
419 3542 547 3598 Suetonio
561 3558 586 3598 et
600 3543 670 3608 aliis,
709 3541 837 3616 principis
838 3541 905 3614 fuit.
915 3543 992 3594 Anna
1001 3537 1079 3592 Fabri
1089 3539 1215 3612 explicat:

168 3621 266 3689 Cesar,
281 3621 315 3674 ab
327 3623 405 3676 Actio
416 3626 502 3677 atatim
514 3624 622 3678 Samum
634 3625 673 3676 iu·
712 3623 798 3673 minor
811 3622 862 3674 fuit
878 3639 957 3694 quam
975 3617 1102 3694 pudicitia
1117 3619 1217 3690 princi·

169 3703 254 3758 sulam
267 3721 295 3756 se
308 3705 416 3775 recepit·
711 3703 761 3773 pis.
772 3702 813 3754 Sic
824 3719 904 3772 supra
914 3701 939 3766 1,
949 3699 965 3751 3
978 3721 983 3750 :
1000 3701 1054 3750 «Et
1065 3699 1168 3751 facinus
1177 3701 1217 3750 in·

204 3799 230 3852 9.
252 3783 363 3856 AEpypti
384 3799 487 3836 comus.
502 3781 610 3834 Cornua
629 3781 672 3834 di·
715 3793 775 3831 utra
794 3779 907 3848 gloriam
925 3778 1020 3845 fnit,=
1041 3793 1077 3827 ac.
1099 3776 1217 3827 constitit

169 3872 267 3912 eantur
275 3858 332 3912 brec
342 3857 455 3932 oppida,
466 3869 496 3910 ut
509 3859 536 3910 in
548 3857 616 3910 duos
626 3877 674 3911 an·
712 3860 781 3911 iutra
788 3860 914 3912 terminos
921 3856 1019 3928 gloria.
1028 3853 1170 3908 Salmasius
1180 3855 1216 3908 le·

168 3937 246 4011 gulos
262 3940 449 4010 prominentia.
466 3937 552 3989 Livius
566 3937 674 4003 XXXV,
712 3932 1214 4008 gebat,intrapudieitiumprincipifuit.

174 4019 225 4072 18:
251 4022 306 4072 «ln
327 4017 434 4071 duobus
453 4015 526 4068 velut
549 4015 674 4068 cornibus
712 4047 748 4059 -
762 4017 913 4071 Labombat.
928 4017 1035 4070 Solicita
1049 4030 1112 4068 erat.
1125 4019 1216 4071 —Se·

174 4099 322 4165 ·Gmei·,
347 4098 436 4151 Nabin
465 4114 481 4149 a
508 4093 673 4166 Peloponeso
712 4095 804 4170 pulcra
819 4097 959 4171 reptantis
977 4109 1077 4151 vocant.
1096 4097 1214 4151 Freinsb.

175 4201 185 4225 ι
204 4181 399 4232 concitaturum
422 4177 531 4244 omnia,
553 4193 568 4228 a
588 4177 674 4229 Mace·
714 4177 768 4228 hae
781 4175 944 4248 &emptitia
957 4177 1088 4232 eenatbm.
