3156 4950
576 490 719 556 LIBER
742 488 965 556 TERTIUS.
1229 494 1290 556 215

251 610 750 700 Dalmatiam3inAdriaticum
756 635 972 712 marcusque
980 627 1166 687 venerunt:
1180 639 1294 714 coque

250 725 321 798 fine
334 730 507 820 contenti,
527 731 627 826 quasi
644 730 897 804 interveniente
916 744 1059 820 natura,
1078 745 1241 802 contorta
1258 733 1294 801 in

251 847 344 942 ipsas
364 869 472 944 aquus
488 843 557 918 tela
576 849 755 920 miserunt.
770 845 867 918 Nihil
888 849 1028 918 interim
1046 873 1112 946 per
1129 846 1167 920 id
1189 871 1294 920 omne
1330 883 1344 915 2

252 975 390 1058 tempus
408 959 588 1034 residuum
605 960 822 1034 crudelitatis
837 960 906 1033 firit
921 965 958 1034 in
974 968 1133 1062 captivos
1150 968 1296 1037 sevien-

250 1071 363 1146 tibus:
381 1071 482 1148 litare
501 1073 567 1146 diis
586 1080 753 1174 sangnine
771 1074 949 1148 hnmano:
968 1076 1091 1150 bibere
1107 1083 1144 1150 in
1161 1078 1296 1151 ossibus

252 1192 430 1286 capitum,
454 1206 490 1264 et
513 1189 782 1288 cujusquemodi
803 1189 961 1264 ludibrio
982 1191 1118 1265 foedare
1142 1210 1296 1264 mortem

252 1317 325 1374 tam
341 1307 414 1402 igni
432 1329 541 1402 quam
559 1303 677 1378 fumo:
696 1322 818 1403 partus
837 1331 981 1406 qnoque
996 1303 1223 1406 gravidarum
1239 1333 1298 1378 ex-

252 1433 419 1518 torquere
431 1422 626 1492 tormentis.
639 1421 822 1496 Saevissimi
832 1427 994 1495 omnium
1003 1419 1184 1494 Thracum
1196 1422 1297 1493 Scor·
1333 1447 1349 1498 3

254 1532 341 1605 disci
353 1532 469 1608 fuere:
486 1533 549 1608 sed
566 1533 737 1610 calliditas
746 1563 889 1638 qnoque
905 1536 952 1610 ad
965 1536 1079 1610 robor
1092 1551 1295 1609 accesserat.

253 1645 428 1720 Silvarum
439 1663 475 1722 ct
488 1653 663 1724 montium
673 1655 758 1726 situs
770 1678 852 1726 cum
864 1657 1005 1753 ingenio
1018 1652 1295 1725 consentiebant.
1334 1675 1350 1739 4

255 1760 377 1861 Itaque
391 1789 463 1838 non
475 1763 573 1840 fusus
585 1766 696 1842 modo
710 1767 837 1860 abhis,
853 1786 914 1844 aut
924 1769 1081 1868 fugatae
1095 1767 1157 1841 sed
1171 1765 1298 1864 (simile
1401 1844 1405 1854 ,

290 1985 313 2018 2.
336 1966 417 2022 Nihil
436 1971 539 2023 interim
560 1974 657 2043 perid
678 1991 755 2024 omne
795 1992 878 2026 ntes-n
904 1975 930 2028 si
952 1977 1009 2046 quis
1031 1988 1120 2026 antem
1141 1971 1212 2024 hanc
1236 1989 1299 2022 sen·

254 2055 353 2118 tempus
363 2049 490 2104 residuum
502 2051 666 2106 crudelitatis.
682 2051 755 2104 Scili-
796 2053 905 2104 tentiam
919 2053 986 2104 mira
999 2051 1126 2104 felicitate
1141 2049 1299 2122 explicatam

254 2140 310 2191 cet,
326 2129 433 2181 minime
450 2149 498 2202 per
513 2131 542 2182 id
558 2151 636 2186 omne
650 2146 755 2204 tempus
794 2127 884 2182 ridere
892 2130 1018 2196 voluerit,
1032 2147 1100 2201 opus
1111 2130 1230 2201 perlegat
1241 2128 1298 2180 ‹lie-

253 2205 351 2257 resedit
368 2208 509 2262 crudelitas
528 2229 635 2278 eorum,
653 2224 704 2264 etc.
720 2240 756 2251 -
796 2224 852 2262 tum
867 2199 1091 2263 &claircissement
1105 2229 1149 2263 sur
1164 2209 1199 2262 les
1213 2211 1299 2262 Sueri-

252 2284 339 2337 Litare
357 2287 407 2340 diis
426 2289 581 2360 sanquinem
600 2290 754 2342 lemanum.
788 2288 867 2362 ficet,
877 2289 949 2361 quotl
956 2293 1135 2344 recentissime
1142 2288 1226 2343 sdidn
1233 2307 1299 2361 prte-

253 2366 296 2418 Sic
306 2363 387 2420 editio
397 2369 530 2442 Princeps.
542 2371 757 2440 Quidsmaotem
796 2371 971 2424 stantissinsus
990 2372 1105 2443 scriptor
1121 2385 1154 2422 nt
1172 2371 1296 2422 Mttsran.

253 2441 305 2514 legi
318 2444 427 2514 volunt,
440 2450 569 2522 sanquine
583 2449 706 2506 humano.
720 2449 757 2504 At
795 2450 904 2502 -Tom
915 2449 1055 2526 iyniquam
1057 2449 1147 2522 firmo.
1156 2450 1225 2502 Nam
1233 2447 1299 2502 alios

254 2539 325 2579 recte
337 2540 362 2580 et
379 2527 460 2582 latine
473 2530 540 2600 dici,
555 2531 630 2586 litore
641 2531 688 2588 diis
701 2531 756 2587 hos·
795 2532 869 2602 igne,
882 2531 948 2586 alios
961 2532 1037 2584 fumo
1051 2550 1190 2584 necavere.
1204 2533 1244 2583 lta
1258 2531 1299 2582 Ci-

254 2605 302 2657 ts'es
315 2622 408 2660 eontra
422 2609 541 2664 Servium
552 2611 693 2666 Salmasius
707 2612 755 2664 do·
796 2629 857 2664 cero
869 2609 935 2664 illud
946 2612 1107 2684 supplicium
1119 2629 1173 2682 qno
1186 2614 1244 2681 qnis
1258 2610 1300 2660 fu·

254 2688 308 2738 cuit
318 2687 352 2739 ad
361 2687 493 2756 solinum,
501 2712 528 2764 p.
537 2711 568 2763 9,
579 2693 755 2764 ePropertio‚
795 2709 840 2742 mo
849 2705 984 2756 enecatur,
992 2692 1081 2756 refert,
1088 2692 1116 2741 in
1123 2691 1233 2740 Verrem
1239 2690 1299 2739 Act.

253 2763 298 2829 IV,
313 2782 337 2832 r,
355 2765 406 2832 24:
423 2771 538 2822 «Pastor
551 2784 578 2826 et
591 2770 625 2824 ad
639 2771 755 2824 calamos
796 2769 836 2837 ll,
849 2787 895 2838 17:
912 2772 1016 2822 «Fumo
1029 2770 1212 2833 excruciatas,
1224 2768 1309 2819 semi·'

258 2855 338 2894 «exta
352 2843 446 2897 litabat
458 2849 550 2910 oris;·
565 2860 592 2900 et
606 2851 755 2913 atratino,
799 2851 895 2902 avivus
908 2847 1094 2918 relinqantur.-
1108 2846 1199 2913 Quum
1211 2858 1300 2897 autem

255 2919 321 2987 XX,
340 2938 371 2990 a,
392 2946 404 2968 u
414 2923 493 2977 litatis
510 2925 614 2982 hostiis.
626 2952 637 2976 ι
657 2929 697 2982 De
714 2927 757 2980 his
797 2929 825 2980 in
837 2927 945 2997 vulgata
956 2925 1072 2979 lectione
1086 2937 1140 2976 tam
1154 2925 1210 2996 igni
1221 2943 1300 2997 quam

256 3011 344 3052 autem
352 2999 477 3054 humanis
485 3004 580 3060 hostiis
588 3007 758 3076 optimediait
792 3005 890 3076 fumo,
910 3003 1014 3057 diversa
1027 3001 1190 3054 crudelitatis
1203 3021 1300 3074 genera

254 3077 276 3128 F
276 3077 485 3149 causostem
491 3079 522 3132 tle
530 3080 546 3132 l
548 3081 664 3149 histoire,
672 3083 758 3135 Iaettre
797 3099 853 3134 non
868 3083 933 3134 satis
947 3080 1071 3134 distincte
1085 3093 1225 3148 notentur,
1239 3084 1300 3153 qui·

255 3155 418 3232 XV1,pags
433 3158 500 3212 382:
521 3161 760 3232 uQrsondonvent
799 3158 860 3212 dam
877 3159 1013 3230 prosumo
1029 3157 1081 3230 legi
1095 3161 1300 3232 suaseruntfer·

255 3237 372 3364 fflclu'r
387 3257 432 3292 sur
447 3248 512 3292 cette
526 3239 623 3296 entello
639 3241 760 3296 habitudo
799 3257 827 3292 ro
832 3239 1017 3311 rqnaeqnidem
1024 3239 1104 3293 lectio
1112 3238 1152 3292 his
1159 3239 1300 3294 verbissnb

280 3315 360 3387 offrir
367 3338 420 3374 aux
431 3320 509 3372 dieue
519 3321 562 3374 des
569 3320 695 3395 socn'flces
706 3320 759 3374 lus-
799 3319 850 3372 fine
862 3317 941 3390 hujus
953 3320 1046 3392 capitis
1058 3317 1190 3372 firmatur:
1205 3319 1301 3390 quibus
1394 3333 1395 3338 ’

256 3398 352 3464 moins,
365 3399 386 3451 il
397 3419 438 3456 me
446 3401 541 3455 semble
551 3402 628 3476 qu'on
634 3424 658 3475 y
670 3417 759 3460 noune
799 3411 906 3466 auctor,
922 3401 1065 3472 respiciens
1075 3401 1135 3472 ipss
1149 3402 1299 3471 superiora,

256 3471 284 3524 lo
294 3493 391 3546 preuve
403 3477 479 3532 d'uns
491 3481 547 3534 ides
556 3483 685 3556 premiere
697 3483 759 3536 uni-
798 3480 919 3550 scripsit:
940 3481 1017 3534 «Neo
1032 3478 1110 3532 aliter
1125 3479 1301 3534 cnseatiasimi

257 3553 433 3610 versellement
449 3561 600 3632 repandus
619 3576 684 3618 cette
704 3563 759 3616 ideo
802 3557 940 3612 ·houinm
957 3569 1036 3631 quani
1050 3559 1105 3613 suis
1119 3559 1237 3614 motibus
1252 3557 1302 3611 do·

256 3635 321 3687 esais
330 3655 382 3709 que
391 3635 417 3688 lo
427 3641 621 3698 reconciliatioss
629 3643 665 3698 du
675 3644 726 3698 ciel
734 3655 760 3696 et
802 3660 813 3688 ι
823 3640 893 3706 misi,
903 3641 1004 3712 quippe
1015 3642 1043 3694 in
1052 3643 1172 3713 captivos
1182 3639 1301 3712 iflnefer'·

256 3713 288 3764 de
299 3712 326 3764 Ia
341 3723 406 3766 terre
420 3735 452 3768 ne
464 3737 489 3772 se
500 3725 697 3776 comommercit
708 3741 759 3795 que
802 3737 902 3791 uroque
912 3721 1030 3774 servitum
1043 3734 1090 3772 est.
1102 3743 1113 3767 ι

253 3811 306 3865 par
315 3791 341 3846 le
351 3812 415 3870 tany
430 3795 552 3866 lumain,
562 3819 612 3870 que
622 3822 673 3875 por
683 3802 708 3854 le
720 3822 759 3856 sa·
835 3800 860 3852 ³.
874 3799 1010 3852 Scordisci.
1025 3797 1079 3850 Alii
1094 3815 1139 3851 eos
1154 3811 1260 3868 ponnut
1274 3800 1300 3850 in

256 3871 342 3946 en'fice
366 3873 397 3928 de
421 3873 576 3928 l'lsumanitsi
596 3881 698 3934 entiere.
721 3881 760 3934 lo
799 3877 926 3944 Thracia,
939 3877 1152 3940 utNoster;alii
1161 3879 1301 3930 Pannonis:

256 3956 395 4022 pervenite
403 3955 530 4008 lamains
540 3956 596 4010 s'est
607 3957 760 4032 hap-temps
799 3957 930 4009 inferioris
947 3956 1063 4028 populos
1081 3958 1197 4020 faciunt5
1215 3959 1301 4012 etalii

258 4029 584 4105 meprisesurcesaenfice.
598 4035 761 4089 Maisils'sst
800 4035 907 4108 Illyricis
934 4049 960 4088 ct
986 4036 1133 4090 Thracibus
1161 4041 1301 4111 permistos

257 4109 585 4186 enfinoperddanslumort
591 4115 761 4170 delhomme·
801 4115 928 4168 scribunt.
941 4119 987 4170 Eo.
1000 4120 1096 4172 Dens.

258 4191 325 4244 Dieu
338 4195 384 4266 qui
398 4195 562 4266 representnit
575 4207 629 4251 tous
641 4196 676 4250 les
688 4197 760 4250 lom·
838 4199 862 4265 4.
878 4201 1079 4255 Consentielant.
1095 4202 1175 4274 llyclt.
1192 4214 1217 4253 et
1231 4198 1300 4250 Flor.
