3102 4942
522 472 559 534 L.
583 471 741 534 ANNAEI
765 469 922 534 raoni.

358 709 482 776 AETAS
504 710 562 773 Vl.
587 707 1097 774 GRAEVlo-DUKERIANA.

362 888 500 948 Graevius
510 887 657 968 nimirum
666 908 725 970 pro
735 887 912 967 suaingenii
922 899 952 947 et
960 887 1107 948 domnnee
1116 887 1146 946 vi
1155 885 1251 948 Floro

323 987 493 1070 plurimum
501 986 637 1070 profuit,
647 985 773 1069 ejusque
785 998 899 1046 textum
911 986 1039 1046 sanavit.
1048 987 1170 1046 Novam
1180 1000 1251 1068 post

323 1087 424 1169 ipsum
432 1087 641 1148 recensionem
651 1085 785 1145 instituit
794 1085 863 1144 Car.
872 1083 950 1142 And.
959 1083 1252 1167 Dukeruscurispri·

323 1183 380 1242 mis
391 1196 421 1244 et
433 1181 588 1257 secundis3
600 1182 686 1242 unde
698 1183 818 1262 optima
829 1180 976 1262 processit
986 1178 1092 1255 lectio,
1105 1199 1199 1259 quam
1208 1200 1253 1239 se·

289 1297 294 1306 '
322 1283 383 1342 cuti
394 1303 509 1342 sumus.
519 1283 605 1340 Inter
614 1298 667 1339 eos
677 1279 845 1338 intercessit
853 1281 946 1340 Laur.
955 1278 1062 1358 Begeri
1072 1297 1179 1358 opera,
1191 1298 1253 1358 qua

323 1379 362 1440 ad
374 1378 453 1439 duos
462 1379 582 1460 priores
591 1374 689 1436 libros
700 1375 768 1459 plus
782 1375 975 1450 ornamenti,
989 1394 1085 1456 quam
1097 1373 1253 1434 commodi

324 1475 474 1536 collatum
496 1489 550 1536 est.
573 1471 738 1534 Germania
759 1488 905 1535 caeterum
925 1471 1006 1534 nihil
1024 1472 1089 1533 fere
1109 1472 1143 1532 in
1159 1473 1253 1534 Floro

325 1572 445 1632 edendo
460 1572 547 1646 tulit,
561 1571 619 1630 nisi
637 1569 704 1630 illas
723 1572 868 1632 Junckeri
885 1584 976 1632 notas
992 1570 1032 1631 ad
1048 1568 1180 1630 modum
1196 1569 1253 1630 Mi·

326 1667 428 1744 nellii‚
444 1683 474 1728 et
489 1669 659 1752 Ayrmanni
671 1668 804 1751 aliasque
818 1669 1034 1746 Germanicas,
1051 1669 1085 1728 in
1097 1668 1169 1750 ipsis
1184 1668 1254 1727 Mu·

325 1788 427 1828 sarum
439 1767 573 1844 sedibus,
587 1769 710 1850 Lipsite‚
724 1768 810 1828 Halae
823 1779 853 1827 et
865 1768 977 1828 Giessae
989 1767 1085 1827 editas
1097 1767 1252 1849 repetitas·

324 1887 400 1948 que;
414 1867 474 1925 nisi
486 1863 571 1947 quod
584 1865 693 1947 viginti
706 1862 818 1926 abhinc
831 1866 920 1925 annis
931 1867 980 1926 Jo.
994 1864 1077 1924 Frid.
1091 1863 1253 1925 Fischerus

322 1963 405 2047 Lips.
416 1964 611 2024 Graevianam
623 1964 832 2025 recensionem
842 1985 914 2024 cum
926 1955 1048 2023 notiset
1057 1961 1163 2023 libello
1173 1983 1252 2022 verr.

322 2062 403 2123 lectt.
415 2062 561 2124 reddidit.

323 2159 484 2220 Graeviana
495 2182 502 2216 ε
514 2157 596 2240 Traj.
614 2159 658 2220 ad¹
669 2158 766 2220 liban.
782 2180 818 2219 ex
830 2179 945 2219 recens.
962 2159 1073 2218 Graevii
1089 2179 1158 2218 cum
1175 2159 1256 2218 notis

324 2258 386 2316 suis
405 2257 615 2318 eruditissimis
633 2270 663 2318 et
681 2257 933 2339 elegantissimis,
953 2257 1066 2318 additis
1085 2258 1175 2317 variis
1196 2277 1255 2316 nu·

325 2374 449 2413 morum
467 2365 605 2414 veterum
624 2353 819 2436 aliorumque
832 2354 982 2416 iconibus.
997 2354 1034 2413 ln
1046 2352 1104 2414 bac
1119 2352 1255 2414 editione

325 2450 424 2512 multa
436 2452 514 2512 bene
526 2465 646 2527 sanata,
661 2453 760 2512 multa
773 2452 852 2513 bene
864 2453 1013 2536 explicata
1023 2466 1054 2513 et
1064 2451 1255 2534 elegantibus

324 2548 591 2610 observationibus
603 2548 763 2610 illustrata.
779 2549 838 2612 Sed
855 2551 997 2634 inprimis
1010 2570 1158 2632 magnam
1173 2568 1256 2609 com-

323 2645 555 2712 mendationem
566 2645 660 2708 habet
671 2647 738 2709 haec
754 2647 849 2709 editio
867 2671 884 2708 a
901 2649 1087 2731 praefatione
1102 2662 1171 2708 tum
1187 2647 1255 2705 uni-

325 2765 425 2820 versa,
435 2758 502 2804 tum
515 2765 577 2825 qua
586 2745 679 2805 crisin
688 2743 782 2805 habet
794 2747 945 2806 orationis
957 2744 1059 2806 Flori:
1070 2743 1165 2806 habet
1173 2743 1256 2804 enim

323 2840 516 2922 disciplinam
532 2841 700 2920 quamdam
717 2841 872 2922 eleganter
880 2840 1042 2922 judicandi
1056 2841 1174 2901 formas
1191 2860 1258 2898 ora-

325 2937 416 2996 tionis
429 2952 459 2996 et
469 2937 664 2998 discernendi
676 2940 808 2997 tumoris
823 2939 942 2999 inanias
956 2958 1028 2998 vera
1039 2937 1201 3017 elegantia.

366 3033 402 3090 ln
412 3031 459 3090 his
469 3047 574 3092 autem
584 3035 691 3107 variis,
704 3033 743 3092 de
753 3033 867 3113 quibus
877 3052 985 3114 supra,
999 3045 1137 3092 veterum
1146 3052 1258 3092 numo·

327 3149 398 3188 rum
408 3129 551 3188 iconibus
558 3127 645 3189 facile
652 3129 767 3190 eminet
774 3175 782 3206 ,
789 3127 862 3189 inde
873 3131 905 3189 in
913 3131 1020 3211 Begeri
1029 3131 1124 3190 etiam
1131 3128 1258 3190 obvium

325 3227 436 3303 Floro,
448 3228 594 3288 omnium
605 3213 883 3312 monumentorum
892 3229 1009 3291 Latinae
1019 3228 1134 3310 linguae
1145 3249 1256 3312 prope·

324 3325 455 3386 modum
472 3327 741 3407 antiquissimum,
755 3311 897 3386 columnae
912 3339 1041 3388 rostratae
1057 3327 1091 3386 in
1106 3325 1178 3387 foro
1194 3329 1256 3388 Ro-

323 3445 418 3484 mano
438 3423 557 3507 pridem
582 3425 689 3507 positae
711 3424 832 3505 imago,
852 3424 885 3484 in
908 3445 946 3487 aes
965 3427 1060 3488 meisa
1076 3425 1116 3486 ad
1134 3426 1188 3487 lib.
1208 3427 1255 3502 11,

324 3543 388 3602 cap.
404 3543 436 3597 a,
450 3544 521 3583 eum
535 3524 599 3582 Pet.
613 3522 770 3583 Ciacoonii
781 3521 924 3584 Toletani
939 3525 1174 3608 supplementis,
1188 3543 1256 3604 quae

325 3618 422 3677 lucem
442 3621 582 3682 viderant
604 3643 675 3681 cum
699 3618 837 3701 ejusdem
858 3620 1062 3690 libristrihus
1079 3621 1118 3682 de
1135 3623 1256 3698 numis,

326 3713 512 3796 ponderibus
527 3731 557 3778 et
572 3720 722 3780 mensuris
736 3719 826 3779 Rom.
844 3719 935 3795 1586,
950 3721 1043 3795 1608,
1058 3731 1113 3780 etc.
1132 3719 1257 3795 (Exstat

325 3825 355 3872 et
375 3813 408 3872 in
428 3812 496 3873 aldi
514 3816 663 3889 Manutii,
683 3815 784 3877 Paulli
806 3819 839 3876 F.
860 3816 941 3877 libro
962 3817 1000 3876 de
1019 3814 1257 3897 Orthograpbiae

326 3911 459 3987 ratione,
471 3914 577 3972 Venet.
591 3915 679 3990 1566,
692 3915 764 3975 in-s.
777 3936 808 3997 p.
823 3911 892 3988 1423
903 3915 999 3996 Lipsii
1009 3914 1151 3994 Antiquis
1163 3917 1255 3974 lectt.

328 4007 371 4082 ll,
392 4008 442 4085 14,
455 4021 485 4070 et
501 4009 535 4069 in
549 4008 696 4090 Stephani
706 4010 844 4071 Vinandi
859 4009 963 4092 Pigbii
978 4008 1150 4070 Annalibus
1165 4012 1255 4071 Rom.

329 4115 401 4166 torn.
422 4109 448 4166 ll
458 4152 466 4185 ,
490 4129 518 4189 p.
544 4110 599 4181 25,
623 4106 660 4165 ad
685 4109 718 4165 A.
741 4109 777 4166 U.
795 4107 827 4166 C.
850 4106 925 4188 4933
952 4128 1007 4168 nec
1030 4127 1092 4166 non
1116 4107 1150 4166 in
1170 4120 1256 4165 torno
