3142 4938
558 445 704 512 Linea
726 423 917 510 narnus.
1202 449 1261 511 ιω

223 578 341 662 armis,
361 570 528 644 discolori
542 587 653 660 veste,
669 597 780 670 usque
797 570 843 642 ad
867 571 1039 642 ambitum
1064 585 1261 644 armatam:

221 693 247 760 si
257 685 449 775 fallaciam,
465 685 609 758 saltibus
625 685 699 757 fere
718 701 754 757 et
770 689 945 756 montium
961 684 1086 758 fraude
1100 711 1264 785 grassan-

221 818 314 874 tem:
334 806 363 874 si
378 800 515 874 rabiem
538 826 579 873 ac
602 801 778 889 furorem,
799 803 941 871 sacratis
962 797 1115 898 legibus,
1137 798 1265 872 buma-

220 921 343 1016 nisque
374 913 496 989 hostiis
528 919 565 986 in
593 919 738 986 exitium
764 912 869 986 Urbis
893 918 1060 1012 agitatam
1086 943 1093 987 :
1124 919 1152 987 si
1178 941 1265 1014 per-

220 1033 530 1120 tinaciam„sexies
550 1045 656 1127 rupto
672 1027 825 1116 foedere,
840 1025 1069 1126 cladibusque
1085 1033 1168 1126 ipsis
1186 1035 1266 1101 ani-

222 1152 422 1220 mosiorem.

269 1264 346 1334 Hos
360 1279 480 1334 tamen
497 1264 753 1359 quinquaginta
769 1263 866 1331 annis
882 1285 948 1358 per
958 1258 1094 1331 ‘Fabios
1112 1275 1148 1330 et
1163 1262 1268 1359 Papi·
1302 1273 1317 1323 8

221 1384 292 1453 rios
306 1394 441 1478 patres,
465 1402 661 1475 eorumque
678 1374 809 1449 liberos
827 1381 876 1448 ita
891 1375 1033 1476 subegit
1049 1403 1091 1448 ac
1112 1375 1251 1449 domuit
1257 1407 1266 1464 ;

221 1500 272 1568 ita
292 1499 410 1567 ruinas
426 1499 520 1592 ipsas
535 1490 679 1564 urbium
700 1491 823 1582 diruit,
841 1508 880 1564 ut
897 1491 1005 1566 bodie
1027 1493 1209 1565 Samnium
1229 1497 1267 1564 in

223 1615 301 1709 ipso
323 1610 466 1681 Samnio
485 1611 701 1707 requiratur,
719 1633 785 1680 nec
807 1607 910 1681 facile
931 1624 1103 1708 appareat
1118 1609 1267 1680 materia

223 1742 379 1826 quatuor
394 1741 430 1796 et
442 1727 564 1824 viginti
582 1705 856 1822 triumphorum.
874 1727 1029 1797 Maxime
1045 1742 1164 1797 tamen
1180 1740 1266 1796 nota
1300 1750 1318 1802 9

223 1857 259 1912 et
270 1837 411 1912 illustris
425 1865 467 1910 ex
479 1835 546 1910 bac
555 1855 659 1939 gente
672 1837 788 1911 clades
803 1837 900 1938 apud
912 1837 1088 1910 Caudinas
1100 1836 1266 1926 furculas,

156 2013 160 2032 s
222 1960 369 2030 Veturio
385 1949 638 2054 Postumioque
651 1954 873 2044 consulibus,
892 1970 1039 2054 accepta
1058 1970 1119 2026 est.
1138 1954 1267 2026 Clauso
1288 1981 1318 2014 ιο

223 2100 287 2172 per
299 2072 441 2145 insidias
456 2077 550 2144 intra
564 2097 645 2144 eum
658 2070 786 2144 saltum
803 2075 976 2159 exercitu,
990 2070 1086 2142 unde
1097 2096 1169 2143 non
1186 2096 1269 2168 pos-

225 2203 277 2257 set
290 2186 452 2274 evadere,
467 2202 610 2284 stupens
621 2183 917 2258 occasione'tanta
929 2183 1001 2255 dux
1014 2181 1169 2255 bostium
1184 2187 1269 2255 Pon·

225 2305 308 2391 tius,
327 2303 547 2373 Herennium
563 2316 701 2399 patrem
723 2299 898 2373 consuluit
905 2323 918 2390 ;'
937 2317 972 2372 et
987 2297 1062 2389 ille,
1087 2333 1101 2363 o
1113 2305 1269 2372 mitteret

231 2443 393 2507 «omnes,
402 2414 460 2488 vel
470 2416 666 2507 occideret,
676 2451 690 2480 n
708 2422 895 2517 sapienter,
908 2434 947 2488 ut
959 2420 1087 2507 senior,
1100 2433 1266 2489 suaserat.

226 2667 305 2714 suro,
316 2649 423 2702 alterius
434 2663 545 2723 argento
561 2649 723 2703 celaverant.
766 2650 925 2722 rejurando,
944 2652 994 2703 nisi
1012 2651 1084 2701 victo
1103 2646 1196 2711 hoste,
1214 2663 1268 2697 non

224 2758 261 2768 -
273 2729 357 2800 Usque
366 2729 403 2780 ad
412 2731 546 2782 ambitum
562 2729 667 2784 Scilicet
682 2749 727 2782 us-
766 2731 867 2783 redire:
883 2729 957 2800 quod
974 2730 1052 2781 etiam
1065 2727 1179 2778 Romani
1194 2726 1269 2796 prius

227 2825 278 2878 que
288 2807 322 2858 ad
329 2807 461 2858 luxuriam
471 2821 498 2859 et
507 2811 726 2872 ostentationem,
766 2821 970 2880 usurpaverunt.

229 2881 302 2954 quod
319 2884 426 2955 quidem
445 2885 614 2938 referendum
633 2897 673 2937 est
693 2884 729 2936 ad
803 2889 828 2940 8.
848 2886 1045 2957 Quinquuqinta
1064 2883 1148 2934 annis.
1166 2881 1271 2933 Scilicet

228 2961 348 3014 auseuet
360 2963 486 3034 arqenteis
502 2964 596 3028 annis,
610 2966 679 3014 sicut
695 2961 729 3014 ad
769 2978 822 3017 tres
843 2977 869 3016 et
890 2965 1099 3034 quinquaginta,
1117 2979 1199 3032 quum
1219 2960 1271 3012 boc

227 3036 348 3092 discolori
365 3049 440 3091 ueste.
455 3067 492 3078 -
504 3039 618 3092 Saltibus
630 3038 689 3108 fers
706 3049 731 3088 et
769 3042 869 3094 bellum
880 3041 983 3092 linitum
997 3043 1078 3092 luerit
1090 3057 1157 3092 coss.
1171 3040 1272 3092 Corne-

227 3118 358 3172 monts'um
366 3117 473 3190 fraude.
488 3117 604 3170 Fraudes
617 3117 731 3169 saltuum
771 3120 806 3173 lio
823 3121 936 3186 Rufino,
952 3134 978 3173 et
993 3122 1030 3172 M.
1047 3121 1128 3173 Curio
1148 3121 1271 3172 Dentato.

229 3211 255 3250 et
271 3199 400 3250 montium
420 3195 500 3265 dicit,
519 3216 569 3270 pro
584 3195 686 3248 insidiis
703 3198 731 3247 in
770 3199 864 3250 -Per
871 3199 962 3251 Fabios
969 3208 996 3250 et
1004 3198 1130 3271 Papirios.
1138 3201 1199 3250 Non
1213 3199 1271 3268 qui·

228 3277 336 3330 saltibus
348 3297 378 3330 ae
390 3275 540 3344 montibus,
553 3296 610 3350 quse
621 3276 680 3328 loca
691 3277 731 3328 iu·
770 3280 829 3334 dem
835 3278 918 3345 solos,
926 3277 972 3332 sed
979 3277 1273 3353 praeripuehos.-Nec

228 3356 301 3409 sidiis
313 3358 447 3428 aptissima
459 3368 520 3408 sunt
532 3355 671 3410 struendis.
687 3354 730 3407 sic
764 3359 851 3434 facile
863 3371 989 3432 appareat
1001 3362 1110 3412 materia
1123 3373 1235 3434 quatuor
1246 3370 1273 3410 et

227 3432 318 3505 virgil.
331 3432 431 3487 AEneid.
445 3435 495 3496 XI,
508 3433 574 3488 522:
593 3437 658 3487 «Est
671 3453 729 3487 cur-
770 3439 862 3512 su‘qinti
871 3439 1066 3509 triumphorum.
1074 3441 1271 3504 Monrrsqursu,

232 3531 288 3564 «vo
310 3514 429 3564 anfractu
452 3513 532 3566 valles
553 3513 728 3568 adcommoda
768 3518 1017 3593 Essaisurleqotlt:
1033 3517 1199 3585 artemam
1211 3537 1273 3590 par·
1329 3505 1332 3514 ¹

232 3590 357 3658 «fraudi,
372 3593 563 3665 brutorumque
577 3594 677 3648 dolis..
694 3624 730 3634 -·
770 3596 828 3648 lant
849 3597 892 3650 des
912 3598 1055 3662 Samnites,
1078 3597 1117 3648 dit
1137 3615 1187 3668 que
1206 3595 1274 3649 teon

229 3672 342 3727 Sacratis
353 3669 458 3743 lepidus.
467 3671 662 3738 Quidamsocris
670 3674 732 3746 lepi-
771 3675 845 3730 uilles
861 3677 956 3747 furunt
979 3675 1114 3727 tellement
1136 3677 1272 3734 detmites.

231 3753 290 3804 δια.-
298 3747 402 3803 melius.
414 3749 497 3801 Sacris
505 3749 574 3821 leges
582 3767 668 3818 ersus,
676 3755 732 3822 qui·
772 3751 838 3826 qu‘il
851 3765 886 3804 est
898 3749 1009 3823 difficile
1021 3753 1052 3802 de
1064 3762 1166 3805 trouver
1175 3753 1275 3806 actual·

229 3829 281 3882 bus
296 3841 376 3899 eaput
386 3845 480 3880 eorum
490 3829 535 3899 qui
549 3847 603 3880 non
614 3830 695 3882 issent
706 3831 734 3881 in
774 3829 1274 3903 lementleusjetdevinqtquatretriom·

231 3905 659 3979 prelium,relfugissent,selalio
670 3925 734 3979 quo·
771 3909 850 3979 ples,¹
867 3917 892 3958 et
906 3925 959 3979 par
976 3907 1011 3960 les
1026 3909 1129 3981 paroles,
1144 3912 1189 3981 qui
1205 3931 1273 3964 mar·

231 3989 270 4040 vis
285 3984 365 4038 modu
381 3987 430 4039 sibi
447 3985 609 4053 defuissent,
623 3988 677 4038 Diti
694 4005 735 4039 sa·
774 4000 855 4060 quent
869 3987 895 4038 la
912 3989 1065 4042 destruction
1077 3990 1108 4041 cle
1120 4009 1149 4054 ee
1161 3991 1275 4064 puple,

232 4085 307 4120 erum
315 4065 401 4118 fiebat.
412 4068 468 4120 llac
475 4067 508 4120 de
518 4087 545 4119 se
552 4067 611 4120 vide
618 4068 735 4134 Livium,
776 4066 798 4118 il
805 4066 863 4136 fait
874 4067 932 4119 uuir
940 4065 966 4119 la
973 4067 1107 4140 prandens·
1116 4069 1147 4122 de
1157 4090 1201 4125 son
1214 4089 1276 4123 coss·

233 4149 272 4214 X,
285 4147 327 4200 38.
341 4145 522 4216 adigebantur
533 4151 611 4202 etiam
626 4147 679 4200 boo
692 4151 735 4218 ju·
776 4165 835 4220 rape
847 4158 872 4200 et
882 4148 913 4199 de
923 4165 967 4200 son
980 4148 1141 4220 opiniaeltrese‘.
1154 4177 1165 4198 s
