3108 4956
461 478 606 544 LIBER
629 478 951 544 MEMORIALIS.
1167 477 1230 546 363

182 608 354 708 ponnesio
369 628 405 678 se
420 602 574 678 devovit.
590 606 803 693 Pisistratus,
821 606 877 676 vir
890 601 1005 695 fortis,
1023 619 1059 676 et
1074 607 1228 704 sapiens,

184 727 245 822 qui
261 718 427 794 adversus
440 723 621 819 principes
633 717 797 818 populari
811 743 932 790 caussa
941 715 1169 818 tyrannidem
1183 721 1233 791 in·

182 843 287 928 rasit,
309 853 463 936 'eamque
480 836 668 936 justissime
692 834 960 909 administravit.
984 835 1174 910 Armodius
1196 851 1232 908 et

18 964 21 1008 ⁵
143 973 147 979 ’
184 957 436 1053 Aristoyeiton,
451 949 613 1025 homines
625 949 774 1050 pleh'eii,
787 955 848 1052 qui
859 953 1020 1051 Hippian
1030 957 1065 1025 et
1076 955 1233 1052 Hippar-

184 1065 292 1140 chum
309 1069 478 1141 Pisistrati
495 1067 588 1140 filios
604 1091 694 1138 saeve
712 1065 935 1138 dominantes
953 1064 1048 1138 facta
1069 1066 1233 1164 conjura-

183 1186 281 1258 tione
296 1194 564 1282 oppresserunt,
579 1181 733 1281 ideoque
747 1198 788 1254 ut
798 1179 1105 1254 conservatoribus
1121 1181 1233 1252 divini

183 1295 384 1372 honores
355 1325 404 1372 e1s
422 1314 503 1371 stant
516 1299 707 1369 constituti
725 1295 904 1369 Miltiades
918 1295 1005 1387 dux,
1026 1320 1088 1396 qut
1078 1294 1233 1370 LXXX

183 1412 294 1490 millia
308 1412 461 1486 militum
480 1417 667 1486 Persarum
684 1414 784 1485 Darii
801 1413 908 1512 regis,
926 1405 1101 1511 prefectis
1120 1414 1233 1484 ²Date

185 1511 221 1604 et
233 1527 499 1627 Tisapherne,
490 1553 527 1600 tn
543 1526 634 1601 saltu
652 1526 881 1603 Marathonio
897 1531 1086 1628 superavit.
1105 1526 1233 1598 Aristi-

185 1644 247 1718 des
258 1647 395 1718 Dieaeos
402 1671 486 1746 ,qur
475 1641 570 1719 hoc
582 1669 758 1744 agnomen
770 1643 929 1717 moribus
944 1659 996 1716 est
1008 1657 1232 1733 consecutus,

185 1758 234 1832 oh
246 1759 284 1832 id
296 1765 413 1858 ipsum
427 1758 548 1833 exsilio
562 1759 729 1834 multatus
746 1777 810 1833 est.
826 1761 956 1834 Cimon
971 1757 1058 1850 dux,
1072 1761 1133 1859 qui
1149 1760 1235 1830 Per-

184 1880 258 1948 sico
268 1875 363 1951 hello
374 1879 497 1950 Xerxis
508 1881 644 1974 copias,
657 1875 837 1975 pedestres
848 1874 1067 1975 simulatque
1078 1872 1234 1962 navales,

165 2018 168 2023 ·
184 1995 221 2064 in
238 1997 315 2090 ipsa
331 1994 412 2066 Asia
430 1991 528 2092 apud
543 1989 812 2093 Eurymedonta
827 1991 961 2064 flumen
974 2018 1046 2064 uno
1064 1988 1123 2062 die
1138 1991 1233 2062 vicit.

184 2104 386 2191 Alcibiades
407 2106 495 2197 dux,
519 2111 574 2179 vir
594 2133 739 2206 genere,
762 2109 883 2206 copia,
907 2105 1051 2204 opibus,
1075 2103 1236 2192 illustris,

185 2227 246 2323 qui
265 2238 417 2322 propter
437 2222 666 2296 detruncatos
685 2238 793 2296 nocte
812 2225 1009 2295 Mercurios
1027 2247 1107 2294 reus
1122 2217 1238 2292 factus

184 2337 231 2411 ad
241 2338 530 2412 Lacedaemonios
541 2336 1057 2438 confugit³Peloponesibello,
1069 2351 1115 2427 et,
1126 2362 1239 2436 qraum

184 2451 325 2528 fecisset
359 2482 420 2528 eos
454 2458 669 2554 superiores,
704 2452 919 2527 afflictorum
954 2458 1085 2528 civium
1118 2457 1237 2524 miser·

184 2584 256 2658 tus,
276 2568 383 2642 rediit
399 2574 435 2641 in
452 2574 622 2668 patriam,
638 2585 673 2642 et
687 2566 759 2640 dux
774 2586 928 2660 creatus,
945 2573 1074 2641 iterum
1086 2572 1242 2641 victores

184 2679 413 2758 Athenienses
429 2681 525 2755 fecit.
540 2681 799 2782 Thrasybulus,
818 2687 879 2782 qui
893 2688 1036 2784 triginta
1049 2684 1242 2782 Magistra-

185 2811 242 2867 tus
260 2795 551 2868 Lacedaemonios
573 2797 772 2896 tyrannidis
796 2797 1041 2869 dominatione
1062 2799 1244 2868 saevientes

187 2909 283 2981 facta
296 2911 540 3007 conjuratione
553 2908 695 3001 afflixit,
708 2927 744 2984 et
752 2909 956 2984 libertatem
967 2907 1242 2982 Atheniensibus

187 3023 356 3098 reddidit.
385 3027 513 3098 Conon
538 3023 625 3115 dux,
653 3027 715 3124 qui
740 3051 861 3098 omnes
885 3024 1241 3098 Lacedaemoniorum

188 3143 309 3240 copias
321 3139 420 3240 apud
430 3140 586 3214 Cnidum
594 3137 747 3213 insulam
759 3137 871 3240 cepit,
885 3159 920 3213 et
931 3138 1124 3240 imperium
1134 3143 1243 3212 maris

188 3254 335 3328 Athenis
347 3259 509 3327 restituit.
522 3257 634 3350 Dion,
649 3259 711 3358 qui
724 3272 805 3328 octo
818 3257 989 3330 onerariis
998 3252 1148 3328 navibus
1158 3252 1241 3325 Dio-

188 3369 595 3471 nysiumregemSiciliae
607 3375 927 3445 centum'rostratas
935 3367 1143 3460 habentem,
1154 3364 1241 3441 dum

190 3493 226 3560 in
248 3487 387 3588 Italiam
406 3487 521 3580 abest,
543 3481 824 3592 regno'expalit,
847 3491 1030 3588 occupatis
1049 3475 1240 3586 Syracusis.

189 3595 433 3704 Hipbicrates,
448 3609 500 3678 rei
514 3603 677 3679 militaris
691 3605 937 3705 peritissimus,
953 3608 1016 3705 qui
1031 3625 1130 3676 arma
1142 3589 1242 3674 hahi-

188 3719 280 3792 liore
295 3719 457 3818 pondere
473 3737 510 3793 et
522 3713 635 3794 modo
652 3719 749 3794 fecit.
765 3718 941 3810 Phocion,
960 3723 1021 3826 qui
1036 3717 1114 3789 4vir
1126 3713 1242 3787 honus

226 3898 251 3934 a.
269 3881 313 3932 Da
314 3889 339 3934 tr
357 3892 384 3934 at
401 3841 568 3951 Tnaplema.
584 3881 655 3936 aaa
670 3891 697 3934 rt
735 3881 818 3949 ᾱξιιι,
830 3878 947 3936 eschol.
958 3875 1094 3989 Aristoph.
1108 3873 1143 3926 nd
1153 3875 1242 3947 Eqnit.

189 3961 363 4036 Ampium.
376 3959 505 4016 Herodot.
516 3962 550 4014 Vl
555 3962 623 4031 ,943
634 3963 695 4028 vu,
737 3966 797 4034 778.

191 4041 238 4113 74,
266 4041 404 4098 Cornelius
431 4043 538 4114 Nepos,
560 4039 696 4106 Miltiade,
773 4045 799 4096 3.
816 4041 980 4114 Peloponnesi.
1000 3998 1184 4113 Palopoirerio,
1201 4035 1244 4089 vel

191 4139 251 4194 cap.
245 4124 311 4184 .·1v
322 4121 432 4178 suain
438 4120 544 4178 'Inlue
555 4122 697 4224 Per-peram
739 4122 923 4196 Peloponesi-

192 4199 289 4256 idem'
281 4223 308 4256 an
331 4203 457 4274 ἡιξιρῖιιι,
472 4202 599 4261 adoneus·
590 4199 699 4274 stupet·
775 4203 799 4270 4.
819 4203 873 4256 Vir.
890 4199 963 4257 Ntlnl
975 4219 1044 4274 opat
1058 4200 1114 4256 ‘aral
1130 4198 1182 4252 hoe
1194 4193 1243 4249 ad
