3108 4956
495 509 639 574 urana
661 508 900 593 Quaurus.
1158 510 1221 576 285
1303 477 1306 484 ’

175 659 291 723 mare,
302 631 420 706 lacera
432 648 469 705 et
478 656 580 730 paene
590 635 718 705 inermi
726 658 833 721 nave,
848 629 1017 731 fugiebat.
1030 632 1105 704 Nec
1117 635 1224 706 Pom·
1242 653 1271 688 ²¹

175 751 276 846 peius
286 747 333 820 ab
350 747 467 838 ltalia,
482 773 591 847 quiam
603 763 743 820 senatus
758 745 804 819 ab
816 745 931 834 Urbe,
946 745 1089 848 fugatur
1101 752 1221 847 prior:

165 889 282 964 ,quam
301 891 401 962 paene
418 890 568 938 vacuam
584 881 682 937 metu
701 867 819 938 Caesar
834 867 1023 963 ingressus.
1041 864 1223 938 consulem

174 1005 211 1052 se
231 985 307 1078 ipse
323 979 419 1054 facit.
442 984 617 1054 AErarium
631 1007 775 1081 quoque
791 977 969 1072 sanctum,
990 986 1075 1080 quia
1090 980 1225 1054 tardius

173 1093 382 1192 aperiebant
396 1093 565 1184 Tribuni,
578 1097 681 1194 jussit
696 1093 858 1194 effringi3
876 1119 1090 1193 censumque
1107 1111 1142 1168 et
1157 1121 1225 1194 pa-

174 1213 383 1282 trimonium
402 1209 529 1310 populi
548 1212 701 1284 Romani
723 1227 805 1282 ante
826 1212 960 1308 rapuit,
984 1235 1093 1309 quam
1113 1215 1224 1309 impe·

173 1328 277 1396 rium.
293 1325 398 1397 Pulso
408 1323 602 1425 fugatoque
612 1329 801 1424 Pompeio,
815 1323 940 1397 maluit
949 1329 1047 1424 prius
1057 1323 1223 1398 ordinare
1241 1359 1274 1396 υ

174 1444 391 1538 provincias,
405 1466 515 1540 qnam
528 1446 644 1541 ipsum
659 1445 768 1541 sequi.
787 1439 942 1513 Siciliam
958 1458 995 1513 et
1008 1440 1222 1532 Sardiniam,

174 1578 324 1626 annonae
338 1558 505 1654 pignora,
522 1580 587 1653 per
599 1554 733 1656 legatos
749 1552 868 1628 babet.
891 1553 989 1628 Nibil
1002 1553 1130 1629 bostile
1147 1572 1224 1630 erat
1241 1573 1275 1626 23

174 1671 211 1739 in
234 1667 368 1740 Galba:
393 1693 520 1768 pacem
540 1674 616 1768 ipse
636 1669 789 1744 fecerat:
814 1668 877 1742 sed
901 1669 947 1742 ad
972 1671 1223 1769 Hispanienses
1276 1755 1280 1762 ⁸

175 1784 338 1882 Pompeii
351 1789 522 1858 exercitus
532 1790 726 1858 transeunti
740 1811 807 1884 per
818 1811 897 1858 eam
907 1784 990 1858 duci
999 1804 1121 1885 portas
1131 1784 1223 1862 clau·

176 1895 261 1970 dere
273 1923 356 1970 ausa
370 1898 525 1972 Massilia
541 1916 602 1973 est.
620 1903 751 1974 Misera
765 1899 852 1973 dum
866 1905 965 2000 cupit
976 1927 1120 2002 pacem,
1137 1900 1222 1975 belli

174 2028 272 2086 metu
283 2015 320 2084 in
332 2011 466 2086 bellum
477 2014 620 2088 incidit:
634 2015 696 2088 sed
709 2019 794 2116 quia
806 2018 890 2088 tutis
904 2021 1013 2088 muris
1024 2033 1114 2106 erat,
1128 2019 1223 2090 vinci

175 2152 254 2200 eam
266 2127 333 2203 sibi
342 2129 444 2228 jussit
455 2127 601 2204 absenti.
616 2129 782 2204 Graecula
795 2135 932 2220 civitas,
945 2157 1018 2203 non
1029 2156 1097 2230 pro
1110 2127 1223 2202 molli·
1241 2145 1276 2214 ²4

173 2243 223 2313 tie
237 2246 405 2335 nominis,
425 2259 463 2315 et
479 2242 611 2316 vallum
626 2270 809 2343 rumpere,
827 2260 864 2316 et
881 2242 1071 2321 incendere
1089 2242 1223 2317 machi·

173 2383 237 2431 nas
249 2384 347 2450 ausa,
362 2377 397 2433 et
408 2360 578 2459 congredi
589 2361 756 2434 navibus:
774 2360 836 2435 sed
851 2363 994 2453 Bruma,
1009 2365 1066 2434 cui
1079 2360 1223 2435 manda·
1240 2375 1274 2430 25

173 2489 250 2547 tram
262 2493 338 2548 erat
349 2475 501 2567 bellum,
513 2480 625 2550 victos
634 2493 729 2550 terra
739 2482 900 2579 marique
911 2477 1123 2576 perdomnit.
1136 2479 1223 2552 Mox

173 2587 386 2664 dedentibus
409 2617 483 2664 sese
506 2589 625 2664 ablata
648 2597 783 2682 omnia,
808 2610 951 2691 praeter,
975 2620 1083 2693 quam
1104 2598 1223 2691 potio·

173 2729 251 2777 rem
263 2705 428 2778 omnibus
442 2705 637 2796 habebant,
654 2705 868 2782 libertatem.

221 2820 378 2918 Anceps,
402 2824 626 2920 variumque,
646 2838 682 2894 et
700 2839 887 2895 cruentum
905 2827 945 2894 in
960 2820 1132 2920 Hispania
1150 2819 1223 2895 bel·
1241 2835 1275 2890 26

173 2929 249 3004 lurn
272 2959 356 3005 cum
376 2934 498 3033 legatis
518 2939 615 3009 Cnaei
633 2939 810 3037 Pompeii,
832 2939 972 3011 Petreio
995 2952 1031 3008 et
1050 2933 1220 3008 Afranio:

173 3071 264 3146 quos
275 3047 400 3121 llerdae
412 3065 525 3122 castra
536 3049 723 3141 habentes,
737 3052 834 3150 apud
845 3055 996 3125 Sicorim
1007 3075 1147 3124 munem
1161 3049 1222 3124 ob·

173 3254 280 3308 immi.
291 3255 321 3310 ld
327 3269 381 3325 eet,
390 3254 677 3327 nudataarmamentir,
717 3257 763 3312 bet
776 3269 840 3313 tuta.
855 3261 958 3326 livine,
971 3261 1065 3328 xxiv,
1077 3259 1127 3328 46:
1142 3279 1221 3335 ugnas

174 3351 270 3406 nempe
276 3333 474 3406 gubernaculo,
484 3335 657 3406 remis,velis.
719 3357 801 3410 spara
811 3339 907 3412 (urbia)
916 3342 1044 3394 tutissima
1055 3340 1195 3393 moenibus.
1206 3365 1218 3390 ι

210 3429 251 3465 at.
264 3415 677 3470 Sanetumfloeararinmsanc·
753 3416 796 3485 24.
816 3418 878 3472 Non
897 3436 947 3490 pro
964 3418 1077 3472 mollitie
1097 3419 1218 3473 nominis.

174 3508 230 3546 rum
245 3509 355 3563 vocent,
370 3499 399 3550 in
415 3516 468 3572 qno
480 3499 596 3570 pecnnia
611 3495 676 3550 Gal·
715 3495 785 3548 Nem
803 3495 888 3550 Graeci
904 3493 1001 3567 (bajus
1012 3495 1113 3568 rotatis)
1131 3496 1220 3568 lingua

171 3575 216 3628 lici
234 3575 297 3629 belli
315 3593 408 3631 canera
426 3577 592 3645 senabatur,
613 3595 674 3632 cnm
716 3591 797 3646 quam
822 3573 923 3627 viribus
949 3575 1107 3646 promtiores
1135 3573 1218 3630 babe-

173 3654 674 3729 execrationibnapubliciseammotnm
714 3651 822 3706 bantur.
848 3652 914 3706 Vide
935 3654 1051 3720 Livium,
1073 3655 1145 3720 Vssi,
1169 3655 1217 3722 23,

172 3751 227 3786 non
240 3735 285 3802 iri,
303 3736 354 3788 nisi
368 3734 499 3789 Gallicum
510 3736 610 3789 beilum
624 3738 674 3790 im·
713 3747 746 3802 95
762 3731 839 3787 ovid.
857 3734 928 3786 Fert.
944 3732 994 3799 111,
1014 3748 1078 3786 roa:
1097 3731 1219 3789 «Graue

172 3812 310 3885 penderet.
325 3815 365 3868 De
377 3832 431 3888 qno
443 3813 497 3867 Liv.
508 3815 619 3882 xxvii,
633 3831 672 3868 ro.
716 3833 728 3856 ι
738 3809 947 3878 facundum,sed
955 3810 1022 3862 maie
1030 3811 1215 3881 fortemne.»

208 3909 250 3946 aa.
272 3893 393 3950 Annona
415 3893 536 3968 pipaora.
560 3893 673 3948 Celsusr
716 3889 833 3944 Groecula
846 3905 934 3944 eutem
944 3889 1022 3941 Floro
1035 3887 1217 3946 dicitnrMae-

174 3969 311 4023 asteiliam
329 3990 360 4024 ac
377 3969 539 4039 Sardiniam,
557 3971 611 4023 dno
630 3971 675 4024 ille
714 3967 1098 4039 silia,quodai’hocaeensibus
1110 3969 1216 4026 condita

174 4045 294 4102 «borres
305 4049 399 4122 popuii
409 4049 536 4117 Romani,
548 4068 597 4121 per
605 4049 675 4122 lega·
714 4050 755 4101 sit:
766 4077 803 4088 -
813 4049 948 4120 Rumpere.
961 4047 1013 4102 Alii
1024 4049 1126 4102 coedere.

173 4147 186 4170 ι
196 4137 237 4178 tos
252 4125 433 4181 administrare
443 4125 607 4200 disposuit·
750 4128 792 4182 26.
802 4127 1117 4182 armenammditior.
1126 4130 1215 4185 erube

210 4203 250 4255 23.
265 4204 339 4260 Tutia
349 4207 436 4261 muris.
447 4205 548 4260 Tollius
560 4208 674 4278 corrige·
714 4207 889 4260 inementum.
907 4237 943 4249 -
958 4207 1061 4286 Ιζονᾰα.
1078 4209 1215 4282 Oppidum
