3142 4938
279 515 338 554 120
600 494 636 556 L.
661 491 817 556 ANNAEI
842 489 990 555 FLORl

273 614 399 688 melius
416 614 626 686 dimicatum
638 631 705 702 est,
721 616 830 687 Curio
846 612 1081 712 Fabricioque
1095 613 1317 688 consulibus:

188 726 194 769 ¹
268 731 344 829 jam
356 735 491 830 quippe
507 727 708 802 belluarum
721 746 838 801 terror
847 726 1063 818 exoleverat3
1077 745 1113 801 et
1126 731 1231 802 Caius
1246 732 1319 802 Mi·

273 850 397 917 nucius
409 861 542 944 quartae
557 844 705 945 legionis
715 843 888 934 hastatus,
906 849 1007 918 unius
1024 843 1238 943 proboscide
1257 845 1320 919 ab·

225 991 256 1028 ιο
274 965 396 1051 scissa,
420 965 512 1032 mori
537 987 640 1060 posse
667 959 802 1034 belluas
830 960 1044 1032 ostenderat.
1071 963 1195 1062 ltaque
1219 979 1255 1036 ct
1284 967 1320 1034 in

274 1083 366 1176 ipsas
378 1077 451 1176 pila
466 1085 632 1176 congesta
643 1095 739 1168 sunt,
754 1095 790 1150 et
802 1081 838 1148 in
850 1095 964 1150 turres
976 1077 1122 1152 vibratae
1136 1077 1232 1152 faces
1246 1096 1321 1154 tota

274 1189 429 1264 hostium
442 1197 581 1292 agmina
593 1192 799 1266 ardentibus
816 1197 925 1266 ruinis
941 1219 1134 1292 operuere:
1153 1221 1220 1266 nec
1240 1213 1320 1268 ante

275 1304 367 1378 cladi
380 1307 459 1378 finis
473 1307 554 1398 fuit,
572 1335 681 1407 quam
692 1335 763 1381 nox
773 1308 970 1397 dirimeret;
985 1326 1254 1408 postremusque
1268 1308 1320 1381 fu·

273 1425 444 1519 gientium
456 1428 531 1520 ipse
543 1448 605 1494 rex
621 1451 642 1496 a
659 1421 865 1495 satellitibus
886 1421 1037 1495 humero
1054 1429 1191 1496 saucius
1209 1429 1245 1495 in
1266 1447 1321 1495 ar·

227 1565 253 1600 ιι
274 1540 340 1607 mis
355 1542 423 1608 suis
435 1535 637 1609 referretur.
651 1541 815 1609 Lucaniae
831 1535 998 1637 suprema
1013 1563 1133 1638 pugna
1153 1535 1218 1609 sub
1235 1538 1320 1608 Aru·

275 1656 372 1740 sinis,
387 1677 475 1751 quos
491 1668 637 1742 vocant,
653 1658 804 1751 campis,
818 1651 967 1726 ducibus
984 1652 1126 1744 iisdem,
1145 1658 1206 1752 qui
1222 1677 1321 1750 supe·

276 1771 375 1838 rius:
405 1753 468 1840 sed
492 1786 576 1840 tunc
607 1769 654 1840 ad
683 1785 797 1841 totam
826 1774 1013 1842 victoriam
1041 1773 1188 1858 exitum,
1215 1793 1321 1867 quem

229 1915 258 1950 ιι
276 1879 403 1954 datura
417 1887 527 1954 virtus
539 1882 622 1973 fuit,
638 1910 737 1956 casus
752 1884 861 1957 dedit.
877 1887 987 1976 Nam,
1002 1884 1184 1983 productis
1201 1888 1237 1955 in
1252 1887 1322 1982 pri·

276 2021 372 2068 mam
398 2001 512 2070 aciem
537 2025 655 2070 rursus
675 1998 889 2098 elephantis,
911 2025 1022 2072 unum
1044 2025 1086 2071 cx
1108 1997 1161 2070 his
1184 1995 1320 2095 pullum

277 2112 393 2184 adacti
405 2118 441 2185 in
454 2132 562 2213 caput
571 2114 633 2188 teli
643 2119 759 2214 gravis
771 2120 860 2187 ictus
877 2122 1021 2204 avertit3
1039 2119 1118 2215 qui,
1133 2140 1242 2213 quum
1257 2139 1322 2211 per

276 2245 430 2328 stragem
440 2255 585 2302 suorum
594 2255 806 2328 percurrens
815 2229 967 2303 stridore
976 2243 1199 2329 quereretur,
1210 2244 1323 2299 mater

278 2327 440 2443 agnovit,
467 2361 520 2436 et,
544 2351 644 2445 quasi
671 2346 884 2438 vindicaret,
912 2346 1072 2420 exsiluit:
1102 2362 1179 2418 tum
1205 2348 1323 2417 omnia

278 2533 391 2587 dicatur.
411 2537 450 2587 De
465 2535 517 2589 hac
532 2539 613 2608 igitur
629 2538 684 2591 haec
701 2538 781 2591 verbs
821 2542 849 2590 in
860 2541 978 2592 Lucania
991 2537 1072 2590 iidem
1083 2547 1145 2590 sunt
1157 2535 1203 2606 qui
1213 2533 1321 2584 Arunci.

278 2613 448 2685 intelligenda
467 2631 545 2684 suut,
564 2635 620 2670 uon
636 2617 670 2669 de
685 2618 780 2670 Asculo
821 2650 855 2660 -
876 2619 991 2672 Ducibus
1011 2617 1099 2669 iisdem
1106 2654 1115 2682 ,
1134 2615 1181 2686 qui
1199 2614 1322 2684 superius.

279 2695 384 2745 Piceno.
399 2697 500 2748 Duras.
515 2727 549 2736 -
563 2697 638 2750 Curio
651 2699 782 2750 Fabricio-
821 2701 916 2754 Melius
936 2701 957 2752 si
978 2699 1063 2768 legas,
1081 2696 1172 2768 quibus
1189 2695 1322 2764 superius:

278 2789 329 2844 que
342 2774 494 2826 consulibus.
512 2777 669 2829 Manifestus
684 2775 727 2829 bic
742 2790 782 2828 est
822 2781 863 2834 vel
873 2782 984 2852 propius
995 2776 1028 2830 ad
1036 2777 1177 2829 lectionem
1184 2773 1263 2846 queis.
1273 2770 1324 2825 Sed

279 2869 360 2903 error.
388 2852 468 2904 Curio
493 2857 563 2906 enirn
589 2858 616 2907 in
640 2855 781 2907 consulatu
822 2861 875 2911 hoc
892 2861 970 2912 etiam
985 2857 1082 2910 falsum
1093 2851 1249 2920 est‚iisdem
1266 2853 1325 2922 qui-

279 2947 425 3001 numquam
444 2931 570 3004 collegam
591 2933 672 2986 fuisse
692 2933 781 2985 Fabri·
822 2940 872 2993 bus
887 2937 1055 2991 adAsculum
1064 2947 1212 3006 pugnatum
1224 2945 1265 2984 est
1278 2930 1325 2982 du·

280 3010 781 3077 cium,annalesconsularestestantur.
823 3019 919 3085 cibus,
940 3019 968 3069 in
994 3017 1115 3068 Arusinis
1141 3015 1221 3066 etiam
1247 3011 1326 3063 fuisse

279 3089 783 3165 ScribendumitaqueFabricioetAEmi·
821 3111 988 3172 pugnaturn:
1009 3115 1071 3148 nam
1084 3095 1180 3148 Curius
1196 3093 1324 3143 Dentatus

280 3169 316 3221 lio
328 3172 485 3238 consulibus,
500 3173 596 3244 quibus
609 3173 643 3225 ad
654 3173 782 3224 Asculum
823 3177 917 3228 consul
932 3175 1077 3248 pugnavit,
1092 3173 1168 3225 tertio
1183 3185 1253 3220 anno
1265 3177 1326 3237 post

280 3268 340 3301 cum
350 3251 476 3320 Lucanis,
490 3253 782 3318 Bruttiis‚'l¹arentinis‚
823 3276 941 3329 pugnam
950 3247 1326 3318 adAsculum,sextopostin·

280 3343 305 3380 et
335 3330 515 3396 Samnitibus,
547 3345 695 3403 pugnatum
726 3349 783 3383 esse
824 3349 941 3407 coepturn
956 3331 1234 3386 hattumEaltrara.
1253 3327 1326 3379 Con·

280 3405 476 3476 triumphorum
506 3409 603 3460 tabulae
634 3423 781 3461 recensent.
824 3405 1327 3476 sentiuntDulseruset'l'mapostGrae·

279 3487 355 3538 Stin.
370 3515 407 3524 -
423 3487 552 3540 Hostanes.
570 3491 671 3540 Hastati
687 3487 782 3539 milites
823 3483 1327 3546 vium,.-Sedmcad10tamvict0.

280 3563 439 3616 dicebantur
455 3566 500 3636 qui
517 3563 599 3617 hastis
616 3563 782 3635 pugnabant.
825 3571 890 3620 riam
899 3571 1003 3622 exitium.
1013 3569 1062 3618 Pro
1070 3564 1121 3616 hac
1129 3562 1245 3616 lectione
1258 3572 1327 3614 certe

320 3659 358 3695 to.
371 3645 406 3694 In
419 3644 497 3696 anuis
510 3645 561 3697 suis
575 3645 718 3717 referretur.
731 3645 782 3697 Pa·
823 3651 918 3702 vitiosa
929 3647 1085 3713 Salmasius,
1096 3645 1225 3696 Gruterus
1236 3653 1262 3693 et
1275 3642 1330 3698 Du.

281 3723 325 3773 lat.
345 3722 455 3775 secund.
475 3727 500 3775 in
516 3726 603 3778 castris
613 3724 672 3778 suis.
685 3726 782 3792 Arma,
823 3728 918 3796 karus,
937 3725 1077 3798 legendum
1096 3721 1209 3775 suadent
1226 3737 1256 3772 ex
1271 3718 1325 3770 MS.

280 3802 332 3854 hoc
344 3801 415 3871 loco,
425 3802 547 3876 clypeum
557 3805 597 3858 vel
608 3819 713 3857 scutum
721 3825 783 3877 pro·
823 3805 929 3868 Naana,
943 3804 985 3856 sed
993 3817 1054 3856 tunc
1067 3811 1120 3854 totu
1133 3799 1248 3852 victoria.
1261 3796 1327 3847 Exi·

281 3883 337 3953 prie
353 3883 517 3954 significant,
534 3885 561 3935 in
579 3903 633 3956 quo
650 3903 707 3937 mos
727 3899 783 3936 erat
824 3893 880 3933 tum
893 3902 983 3955 quem,
994 3897 1044 3935 etc.
1057 3881 1144 3948 Quam
1155 3877 1264 3950 quidem
1274 3873 1328 3927 lec-

282 3963 384 4014 saucios
397 3965 497 4016 referri.
508 3965 580 4035 Virg.
594 3967 652 4016 AEn.
666 3963 704 4029 X,
716 3964 782 4030 841:
826 3964 926 4013 tionem
933 3965 1014 4014 Time
1025 3963 1053 4012 in
1065 3972 1165 4011 textum
1179 3956 1291 4009 admisit.

283 4043 338 4092 ιΔῑ
354 4039 468 4093 Lausum
486 4044 552 4094 socii
570 4043 720 4094 exanimum
737 4058 784 4092 su·
862 4057 902 4091 rs.
921 4041 1082 4091 Parcus-rens.
1099 4035 1242 4089 Salmasius
1257 4034 1326 4086 Gras-

282 4137 434 4190 «perarma
447 4122 599 4174 ferebant.»
826 4119 935 4190 viasque
955 4113 1139 4192 reponendum
1157 4125 1266 4166 censent
1286 4127 1325 4160 re·

319 4215 327 4250 ι
338 4215 358 4250 1.
371 4198 424 4251 Suo
436 4199 560 4252 Arusinis.
576 4201 682 4252 Arusini
697 4200 784 4270 campi
826 4213 935 4248 currens.
945 4225 981 4234 —
991 4196 1071 4266 Quasi
1079 4192 1229 4245 vindicaret.
1238 4189 1327 4240 Plures
