<?xml version="1.0" encoding="UTF-8"?>
<!DOCTYPE html PUBLIC "-//W3C//DTD XHTML 1.0 Transitional//EN"
    "http://www.w3.org/TR/xhtml1/DTD/xhtml1-transitional.dtd">
<html xmlns="http://www.w3.org/1999/xhtml" xml:lang="en" lang="en">
 <head>
  <title>
</title>
<meta http-equiv="Content-Type" content="text/html;charset=utf-8" />
  <meta name='ocr-system' content='tesseract 3.04.00' />
  <meta name='ocr-capabilities' content='ocr_page ocr_carea ocr_par ocr_line ocrx_word'/>
</head>
<body>
  <div class='ocr_page' id='page_1' title='image "./luciiannaeiflor00lemagoog_0375.png"; bbox 0 0 3108 4956; ppageno 0'>
   <div class='ocr_carea' id='block_1_1' title="bbox 321 457 1025 540">
    <p class='ocr_par' dir='ltr' id='par_1_1' title="bbox 321 457 1025 540">
     <span class='ocr_line' id='line_1_1' title="bbox 321 457 1025 540; baseline -0.006 -16"><span class='ocrx_word' id='word_1_1' title='bbox 321 459 384 540; x_wconf 75' lang='lat' dir='ltr'>ast</span> <span class='ocrx_word' id='word_1_2' title='bbox 660 457 798 522; x_wconf 79' lang='lat' dir='ltr'>tucn</span> <span class='ocrx_word' id='word_1_3' title='bbox 821 457 1025 522; x_wconf 77' lang='lat' dir='ltr'>iurauit</span> 
     </span>
    </p>
   </div>
   <div class='ocr_carea' id='block_1_2' title="bbox 313 579 1371 1829">
    <p class='ocr_par' dir='ltr' id='par_1_2' title="bbox 313 579 1371 1829">
     <span class='ocr_line' id='line_1_2' title="bbox 320 579 1371 683; baseline 0 -27"><span class='ocrx_word' id='word_1_4' title='bbox 320 585 589 683; x_wconf 78' lang='lat' dir='ltr'>cognominatus</span> <span class='ocrx_word' id='word_1_5' title='bbox 606 598 673 671; x_wconf 89' lang='lat' dir='ltr'>est,</span> <span class='ocrx_word' id='word_1_6' title='bbox 697 607 813 680; x_wconf 89' lang='lat' dir='ltr'>neque</span> <span class='ocrx_word' id='word_1_7' title='bbox 826 579 898 653; x_wconf 90' lang='lat' dir='ltr'>ulla</span> <span class='ocrx_word' id='word_1_8' title='bbox 912 585 1063 679; x_wconf 88' lang='lat' dir='ltr'>pecunia</span> <span class='ocrx_word' id='word_1_9' title='bbox 1080 608 1101 654; x_wconf 90' lang='lat' dir='ltr'>a</span> <span class='ocrx_word' id='word_1_10' title='bbox 1117 580 1283 682; x_wconf 87' lang='lat' dir='ltr'>Philippo</span> <span class='ocrx_word' id='word_1_11' title='bbox 1299 609 1371 683; x_wconf 92' lang='lat' dir='ltr'>po-</span> 
     </span>
     <span class='ocr_line' id='line_1_3' title="bbox 319 689 1371 788; baseline -0.001 -19"><span class='ocrx_word' id='word_1_12' title='bbox 319 701 386 769; x_wconf 89' lang='lat' dir='ltr'>tuit</span> <span class='ocrx_word' id='word_1_13' title='bbox 405 696 572 770; x_wconf 86' lang='lat' dir='ltr'>solicitari</span> <span class='ocrx_word' id='word_1_14' title='bbox 592 712 631 768; x_wconf 92' lang='lat' dir='ltr'>ut</span> <span class='ocrx_word' id='word_1_15' title='bbox 652 694 799 768; x_wconf 85' lang='lat' dir='ltr'>adeum</span> <span class='ocrx_word' id='word_1_16' title='bbox 818 689 1026 768; x_wconf 88' lang='lat' dir='ltr'>discederet.</span> <span class='ocrx_word' id='word_1_17' title='bbox 1048 697 1121 788; x_wconf 90' lang='lat' dir='ltr'>Qui</span> <span class='ocrx_word' id='word_1_18' title='bbox 1144 695 1371 770; x_wconf 85' lang='lat' dir='ltr'>admonenti-</span> 
     </span>
     <span class='ocr_line' id='line_1_4' title="bbox 318 808 1368 911; baseline -0.001 -27"><span class='ocrx_word' id='word_1_19' title='bbox 318 810 384 885; x_wconf 89' lang='lat' dir='ltr'>bus</span> <span class='ocrx_word' id='word_1_20' title='bbox 400 815 537 902; x_wconf 90' lang='lat' dir='ltr'>amicis,</span> <span class='ocrx_word' id='word_1_21' title='bbox 555 827 594 882; x_wconf 94' lang='lat' dir='ltr'>ut</span> <span class='ocrx_word' id='word_1_22' title='bbox 607 809 728 884; x_wconf 87' lang='lat' dir='ltr'>liberis</span> <span class='ocrx_word' id='word_1_23' title='bbox 741 814 810 882; x_wconf 87' lang='lat' dir='ltr'>suis</span> <span class='ocrx_word' id='word_1_24' title='bbox 825 808 1040 884; x_wconf 81' lang='lat' dir='ltr'><strong>consuleret:</strong></span> <span class='ocrx_word' id='word_1_25' title='bbox 1061 811 1096 882; x_wconf 92' lang='lat' dir='ltr'>Si</span> <span class='ocrx_word' id='word_1_26' title='bbox 1113 811 1218 900; x_wconf 88' lang='lat' dir='ltr'>honi,</span> <span class='ocrx_word' id='word_1_27' title='bbox 1235 815 1368 911; x_wconf 90' lang='lat' dir='ltr'>inquit,</span> 
     </span>
     <span class='ocr_line' id='line_1_5' title="bbox 321 922 1369 1024; baseline -0.001 -25"><span class='ocrx_word' id='word_1_28' title='bbox 321 944 439 1018; x_wconf 90' lang='lat' dir='ltr'>erunt,</span> <span class='ocrx_word' id='word_1_29' title='bbox 453 924 510 998; x_wconf 90' lang='lat' dir='ltr'>hic</span> <span class='ocrx_word' id='word_1_30' title='bbox 522 923 654 1024; x_wconf 78' lang='lat' dir='ltr'>agellus</span> <span class='ocrx_word' id='word_1_31' title='bbox 667 928 716 998; x_wconf 86' lang='lat' dir='ltr'>eis</span> <span class='ocrx_word' id='word_1_32' title='bbox 731 924 904 998; x_wconf 78' lang='lat' dir='ltr'>sufficiet:</span> <span class='ocrx_word' id='word_1_33' title='bbox 919 924 947 996; x_wconf 94' lang='lat' dir='ltr'>si</span> <span class='ocrx_word' id='word_1_34' title='bbox 962 923 1063 1013; x_wconf 89' lang='lat' dir='ltr'>mali,</span> <span class='ocrx_word' id='word_1_35' title='bbox 1078 923 1178 997; x_wconf 87' lang='lat' dir='ltr'>nihil.</span> <span class='ocrx_word' id='word_1_36' title='bbox 1195 922 1369 999; x_wconf 78' lang='lat' dir='ltr'>Chabrias</span> 
     </span>
     <span class='ocr_line' id='line_1_6' title="bbox 320 1038 1370 1142; baseline -0.002 -28"><span class='ocrx_word' id='word_1_37' title='bbox 320 1042 408 1131; x_wconf 88' lang='lat' dir='ltr'>dux,</span> <span class='ocrx_word' id='word_1_38' title='bbox 424 1046 485 1142; x_wconf 81' lang='lat' dir='ltr'>qui</span> <span class='ocrx_word' id='word_1_39' title='bbox 496 1040 706 1142; x_wconf 78' lang='lat' dir='ltr'>gladiatoria</span> <span class='ocrx_word' id='word_1_40' title='bbox 719 1057 794 1113; x_wconf 88' lang='lat' dir='ltr'>arte</span> <span class='ocrx_word' id='word_1_41' title='bbox 806 1066 965 1139; x_wconf 72' lang='lat' dir='ltr'>pugnare</span> <span class='ocrx_word' id='word_1_42' title='bbox 976 1039 1126 1112; x_wconf 89' lang='lat' dir='ltr'>militem</span> <span class='ocrx_word' id='word_1_43' title='bbox 1140 1038 1281 1112; x_wconf 90' lang='lat' dir='ltr'>docuit:</span> <span class='ocrx_word' id='word_1_44' title='bbox 1296 1041 1370 1139; x_wconf 85' lang='lat' dir='ltr'>Cy-</span> 
     </span>
     <span class='ocr_line' id='line_1_7' title="bbox 318 1154 1371 1255; baseline -0.003 -25"><span class='ocrx_word' id='word_1_45' title='bbox 318 1184 411 1255; x_wconf 91' lang='lat' dir='ltr'>pron</span> <span class='ocrx_word' id='word_1_46' title='bbox 430 1175 466 1230; x_wconf 89' lang='lat' dir='ltr'>et</span> <span class='ocrx_word' id='word_1_47' title='bbox 480 1158 621 1246; x_wconf 86' lang='lat' dir='ltr'><strong>Naxon,</strong></span> <span class='ocrx_word' id='word_1_48' title='bbox 637 1173 673 1229; x_wconf 88' lang='lat' dir='ltr'>et</span> <span class='ocrx_word' id='word_1_49' title='bbox 687 1181 809 1228; x_wconf 89' lang='lat' dir='ltr'>omnes</span> <span class='ocrx_word' id='word_1_50' title='bbox 822 1157 991 1228; x_wconf 85' lang='lat' dir='ltr'>Asiaticas</span> <span class='ocrx_word' id='word_1_51' title='bbox 1005 1155 1133 1228; x_wconf 90' lang='lat' dir='ltr'>insulas</span> <span class='ocrx_word' id='word_1_52' title='bbox 1146 1154 1292 1228; x_wconf 81' lang='lat' dir='ltr'>Athenis</span> <span class='ocrx_word' id='word_1_53' title='bbox 1303 1155 1371 1227; x_wconf 92' lang='lat' dir='ltr'>ad-</span> 
     </span>
     <span class='ocr_line' id='line_1_8' title="bbox 313 1266 1368 1370; baseline -0.002 -26"><span class='ocrx_word' id='word_1_54' title='bbox 313 1271 445 1370; x_wconf 85' lang='lat' dir='ltr'>junxit,</span> <span class='ocrx_word' id='word_1_55' title='bbox 471 1288 507 1344; x_wconf 89' lang='lat' dir='ltr'>et</span> <span class='ocrx_word' id='word_1_56' title='bbox 532 1276 627 1344; x_wconf 89' lang='lat' dir='ltr'>circa</span> <span class='ocrx_word' id='word_1_57' title='bbox 652 1268 790 1344; x_wconf 77' lang='lat' dir='ltr'>⁵Thion</span> <span class='ocrx_word' id='word_1_58' title='bbox 815 1269 931 1344; x_wconf 87' lang='lat' dir='ltr'>navali</span> <span class='ocrx_word' id='word_1_59' title='bbox 958 1269 1053 1342; x_wconf 89' lang='lat' dir='ltr'>bello</span> <span class='ocrx_word' id='word_1_60' title='bbox 1080 1268 1197 1342; x_wconf 91' lang='lat' dir='ltr'>occidi</span> <span class='ocrx_word' id='word_1_61' title='bbox 1226 1266 1368 1360; x_wconf 88' lang='lat' dir='ltr'>maluit,</span> 
     </span>
     <span class='ocr_line' id='line_1_9' title="bbox 319 1381 1369 1486; baseline 0.001 -29"><span class='ocrx_word' id='word_1_62' title='bbox 319 1413 427 1486; x_wconf 86' lang='lat' dir='ltr'>quam</span> <span class='ocrx_word' id='word_1_63' title='bbox 453 1384 600 1485; x_wconf 86' lang='lat' dir='ltr'>abjectis</span> <span class='ocrx_word' id='word_1_64' title='bbox 625 1389 731 1458; x_wconf 90' lang='lat' dir='ltr'>armis</span> <span class='ocrx_word' id='word_1_65' title='bbox 755 1401 908 1458; x_wconf 89' lang='lat' dir='ltr'>enatare.</span> <span class='ocrx_word' id='word_1_66' title='bbox 935 1388 1137 1457; x_wconf 89' lang='lat' dir='ltr'>Demetrius</span> <span class='ocrx_word' id='word_1_67' title='bbox 1159 1381 1369 1474; x_wconf 86' lang='lat' dir='ltr'>Phalereus,</span> 
     </span>
     <span class='ocr_line' id='line_1_10' title="bbox 318 1499 1370 1600; baseline -0.002 -27"><span class='ocrx_word' id='word_1_68' title='bbox 318 1499 504 1574; x_wconf 86' lang='lat' dir='ltr'>virbonus</span> <span class='ocrx_word' id='word_1_69' title='bbox 520 1505 751 1590; x_wconf 83' lang='lat' dir='ltr'>existimatus,</span> <span class='ocrx_word' id='word_1_70' title='bbox 775 1499 930 1600; x_wconf 86' lang='lat' dir='ltr'>ideoque</span> <span class='ocrx_word' id='word_1_71' title='bbox 947 1500 994 1572; x_wconf 90' lang='lat' dir='ltr'>nb</span> <span class='ocrx_word' id='word_1_72' title='bbox 1015 1503 1188 1600; x_wconf 80' lang='lat' dir='ltr'>insignem</span> <span class='ocrx_word' id='word_1_73' title='bbox 1195 1499 1370 1598; x_wconf 87' lang='lat' dir='ltr'>justitiam</span> 
     </span>
     <span class='ocr_line' id='line_1_11' title="bbox 319 1613 1371 1715; baseline 0.001 -29"><span class='ocrx_word' id='word_1_74' title='bbox 319 1619 441 1688; x_wconf 84' lang='lat' dir='ltr'>statuis</span> <span class='ocrx_word' id='word_1_75' title='bbox 453 1616 545 1687; x_wconf 88' lang='lat' dir='ltr'>CCC</span> <span class='ocrx_word' id='word_1_76' title='bbox 558 1631 610 1688; x_wconf 92' lang='lat' dir='ltr'>est</span> <span class='ocrx_word' id='word_1_77' title='bbox 622 1613 833 1707; x_wconf 89' lang='lat' dir='ltr'>honoratus,</span> <span class='ocrx_word' id='word_1_78' title='bbox 847 1641 934 1715; x_wconf 88' lang='lat' dir='ltr'>quas</span> <span class='ocrx_word' id='word_1_79' title='bbox 946 1619 979 1689; x_wconf 90' lang='lat' dir='ltr'>ei</span> <span class='ocrx_word' id='word_1_80' title='bbox 988 1641 1056 1714; x_wconf 94' lang='lat' dir='ltr'>pro</span> <span class='ocrx_word' id='word_1_81' title='bbox 1068 1613 1233 1692; x_wconf 85' lang='lat' dir='ltr'>libertate</span> <span class='ocrx_word' id='word_1_82' title='bbox 1244 1640 1371 1715; x_wconf 87' lang='lat' dir='ltr'>posue·</span> 
     </span>
     <span class='ocr_line' id='line_1_12' title="bbox 319 1726 751 1829; baseline 0.014 -30"><span class='ocrx_word' id='word_1_83' title='bbox 319 1745 401 1804; x_wconf 93' lang='lat' dir='ltr'>runt</span> <span class='ocrx_word' id='word_1_84' title='bbox 415 1733 451 1799; x_wconf 92' lang='lat' dir='ltr'>in</span> <span class='ocrx_word' id='word_1_85' title='bbox 468 1726 581 1803; x_wconf 80' lang='lat' dir='ltr'>⁵facie</span> <span class='ocrx_word' id='word_1_86' title='bbox 595 1728 751 1829; x_wconf 86' lang='lat' dir='ltr'>publica.</span> 
     </span>
    </p>
   </div>
   <div class='ocr_carea' id='block_1_3' title="bbox 319 2003 1371 2036">
    <p class='ocr_par' dir='ltr' id='par_1_3' title="bbox 319 2003 1371 2036">
     <span class='ocr_line' id='line_1_13' title="bbox 319 2003 1371 2036; baseline -0.001 -6"><span class='ocrx_word' id='word_1_87' title='bbox 319 2003 1371 2036; x_wconf 64' lang='lat' dir='ltr'>Wwvmwwuwwvwmwnmwwwmwtwwuwumvwmwm</span> 
     </span>
    </p>
   </div>
   <div class='ocr_carea' id='block_1_4' title="bbox 773 2213 894 2291">
    <p class='ocr_par' dir='ltr' id='par_1_4' title="bbox 773 2213 894 2291">
     <span class='ocr_line' id='line_1_14' title="bbox 773 2213 894 2291; baseline 0.017 -2"><span class='ocrx_word' id='word_1_88' title='bbox 773 2213 894 2291; x_wconf 78' lang='lat' dir='ltr'>xvi.</span> 
     </span>
    </p>
   </div>
   <div class='ocr_carea' id='block_1_5' title="bbox 556 2477 1133 2554">
    <p class='ocr_par' dir='ltr' id='par_1_5' title="bbox 556 2477 1133 2554">
     <span class='ocr_line' id='line_1_15' title="bbox 556 2477 1133 2554; baseline 0.007 -5"><span class='ocrx_word' id='word_1_89' title='bbox 556 2477 730 2550; x_wconf 87' lang='lat' dir='ltr'>REGES</span> <span class='ocrx_word' id='word_1_90' title='bbox 756 2479 1133 2554; x_wconf 88' lang='lat' dir='ltr'>MACEDONUM.</span> 
     </span>
    </p>
   </div>
   <div class='ocr_carea' id='block_1_6' title="bbox 320 2733 1373 3648">
    <p class='ocr_par' dir='ltr' id='par_1_6' title="bbox 320 2733 1373 3648">
     <span class='ocr_line' id='line_1_16' title="bbox 370 2733 1370 2840; baseline 0.003 -34"><span class='ocrx_word' id='word_1_91' title='bbox 370 2733 570 2836; x_wconf 89' lang='lat' dir='ltr'>Philippus,</span> <span class='ocrx_word' id='word_1_92' title='bbox 587 2739 750 2840; x_wconf 79' lang='lat' dir='ltr'>Amyntae</span> <span class='ocrx_word' id='word_1_93' title='bbox 762 2736 871 2833; x_wconf 88' lang='lat' dir='ltr'>filius,</span> <span class='ocrx_word' id='word_1_94' title='bbox 894 2742 1029 2839; x_wconf 92' lang='lat' dir='ltr'>primus</span> <span class='ocrx_word' id='word_1_95' title='bbox 1045 2736 1286 2810; x_wconf 87' lang='lat' dir='ltr'>Macedonum</span> <span class='ocrx_word' id='word_1_96' title='bbox 1300 2735 1370 2810; x_wconf 88' lang='lat' dir='ltr'>cb-</span> 
     </span>
     <span class='ocr_line' id='line_1_17' title="bbox 320 2849 1370 2956; baseline 0.002 -32"><span class='ocrx_word' id='word_1_97' title='bbox 320 2855 426 2924; x_wconf 78' lang='lat' dir='ltr'>tinuit</span> <span class='ocrx_word' id='word_1_98' title='bbox 442 2849 652 2944; x_wconf 88' lang='lat' dir='ltr'>Thraciam,</span> <span class='ocrx_word' id='word_1_99' title='bbox 668 2853 878 2956; x_wconf 80' lang='lat' dir='ltr'>redegitque</span> <span class='ocrx_word' id='word_1_100' title='bbox 897 2859 934 2926; x_wconf 95' lang='lat' dir='ltr'>in</span> <span class='ocrx_word' id='word_1_101' title='bbox 952 2880 1052 2926; x_wconf 89' lang='lat' dir='ltr'>suam</span> <span class='ocrx_word' id='word_1_102' title='bbox 1068 2870 1297 2952; x_wconf 84' lang='lat' dir='ltr'>potestatem:</span> <span class='ocrx_word' id='word_1_103' title='bbox 1315 2869 1370 2944; x_wconf 89' lang='lat' dir='ltr'>et,</span> 
     </span>
     <span class='ocr_line' id='line_1_18' title="bbox 321 2968 1370 3070; baseline 0.001 -31"><span class='ocrx_word' id='word_1_104' title='bbox 321 2993 404 3041; x_wconf 90' lang='lat' dir='ltr'>cum</span> <span class='ocrx_word' id='word_1_105' title='bbox 421 2973 569 3041; x_wconf 90' lang='lat' dir='ltr'>transire</span> <span class='ocrx_word' id='word_1_106' title='bbox 585 2973 622 3042; x_wconf 91' lang='lat' dir='ltr'>in</span> <span class='ocrx_word' id='word_1_107' title='bbox 640 2972 760 3042; x_wconf 86' lang='lat' dir='ltr'>Asiam</span> <span class='ocrx_word' id='word_1_108' title='bbox 778 2969 898 3060; x_wconf 86' lang='lat' dir='ltr'>vellet,</span> <span class='ocrx_word' id='word_1_109' title='bbox 917 2969 983 3043; x_wconf 90' lang='lat' dir='ltr'>suh</span> <span class='ocrx_word' id='word_1_110' title='bbox 999 2975 1078 3069; x_wconf 90' lang='lat' dir='ltr'>ipso</span> <span class='ocrx_word' id='word_1_111' title='bbox 1091 2968 1177 3044; x_wconf 88' lang='lat' dir='ltr'>belli</span> <span class='ocrx_word' id='word_1_112' title='bbox 1195 2985 1370 3070; x_wconf 84' lang='lat' dir='ltr'>apparatu</span> 
     </span>
     <span class='ocr_line' id='line_1_19' title="bbox 320 3081 1372 3177; baseline 0.001 -23"><span class='ocrx_word' id='word_1_113' title='bbox 320 3087 357 3155; x_wconf 93' lang='lat' dir='ltr'>in</span> <span class='ocrx_word' id='word_1_114' title='bbox 370 3082 510 3158; x_wconf 88' lang='lat' dir='ltr'>theatro</span> <span class='ocrx_word' id='word_1_115' title='bbox 528 3113 549 3158; x_wconf 91' lang='lat' dir='ltr'>a</span> <span class='ocrx_word' id='word_1_116' title='bbox 565 3090 737 3159; x_wconf 85' lang='lat' dir='ltr'>Pausania</span> <span class='ocrx_word' id='word_1_117' title='bbox 755 3103 806 3158; x_wconf 91' lang='lat' dir='ltr'>est</span> <span class='ocrx_word' id='word_1_118' title='bbox 821 3084 1038 3160; x_wconf 85' lang='lat' dir='ltr'>interfectus.</span> <span class='ocrx_word' id='word_1_119' title='bbox 1056 3085 1273 3177; x_wconf 83' lang='lat' dir='ltr'>Alexander,</span> <span class='ocrx_word' id='word_1_120' title='bbox 1287 3081 1372 3158; x_wconf 90' lang='lat' dir='ltr'>Phi·</span> 
     </span>
     <span class='ocr_line' id='line_1_20' title="bbox 320 3183 1370 3312; baseline 0.002 -44"><span class='ocrx_word' id='word_1_121' title='bbox 320 3195 410 3298; x_wconf 89' lang='lat' dir='ltr'>lippi</span> <span class='ocrx_word' id='word_1_122' title='bbox 432 3216 467 3274; x_wconf 90' lang='lat' dir='ltr'>et</span> <span class='ocrx_word' id='word_1_123' title='bbox 488 3199 716 3312; x_wconf 75' lang='lat' dir='ltr'>Olympiadis</span> <span class='ocrx_word' id='word_1_124' title='bbox 737 3200 843 3309; x_wconf 79' lang='lat' dir='ltr'>filius,</span> <span class='ocrx_word' id='word_1_125' title='bbox 864 3227 907 3276; x_wconf 83' lang='lat' dir='ltr'>ex</span> <span class='ocrx_word' id='word_1_126' title='bbox 923 3200 1014 3274; x_wconf 88' lang='lat' dir='ltr'>urbe</span> <span class='ocrx_word' id='word_1_127' title='bbox 1034 3201 1131 3274; x_wconf 89' lang='lat' dir='ltr'>Pella</span> <span class='ocrx_word' id='word_1_128' title='bbox 1149 3183 1370 3274; x_wconf 69' lang='lat' dir='ltr'>Macedonia</span> 
     </span>
     <span class='ocr_line' id='line_1_21' title="bbox 321 3314 1370 3408; baseline 0.004 -25"><span class='ocrx_word' id='word_1_129' title='bbox 321 3339 404 3384; x_wconf 91' lang='lat' dir='ltr'>cum</span> <span class='ocrx_word' id='word_1_130' title='bbox 415 3317 477 3386; x_wconf 88' lang='lat' dir='ltr'>XL</span> <span class='ocrx_word' id='word_1_131' title='bbox 492 3314 649 3388; x_wconf 93' lang='lat' dir='ltr'>millibus</span> <span class='ocrx_word' id='word_1_132' title='bbox 663 3315 816 3390; x_wconf 91' lang='lat' dir='ltr'>militum</span> <span class='ocrx_word' id='word_1_133' title='bbox 830 3321 868 3390; x_wconf 92' lang='lat' dir='ltr'>in</span> <span class='ocrx_word' id='word_1_134' title='bbox 880 3317 1000 3392; x_wconf 86' lang='lat' dir='ltr'>Asiam</span> <span class='ocrx_word' id='word_1_135' title='bbox 1013 3321 1207 3408; x_wconf 87' lang='lat' dir='ltr'>transisset,</span> <span class='ocrx_word' id='word_1_136' title='bbox 1222 3318 1370 3388; x_wconf 86' lang='lat' dir='ltr'>Darium</span> 
     </span>
     <span class='ocr_line' id='line_1_22' title="bbox 320 3411 1373 3532; baseline 0.004 -32"><span class='ocrx_word' id='word_1_137' title='bbox 320 3455 443 3526; x_wconf 75' lang='lat' dir='ltr'>regent</span> <span class='ocrx_word' id='word_1_138' title='bbox 453 3411 810 3531; x_wconf 82' lang='lat' dir='ltr'>Persarumprimum</span> <span class='ocrx_word' id='word_1_139' title='bbox 820 3432 917 3532; x_wconf 90' lang='lat' dir='ltr'>apud</span> <span class='ocrx_word' id='word_1_140' title='bbox 927 3434 1121 3506; x_wconf 86' lang='lat' dir='ltr'>Granicum</span> <span class='ocrx_word' id='word_1_141' title='bbox 1132 3431 1282 3522; x_wconf 87' lang='lat' dir='ltr'>flumen,</span> <span class='ocrx_word' id='word_1_142' title='bbox 1294 3446 1373 3504; x_wconf 87' lang='lat' dir='ltr'>tum</span> 
     </span>
     <span class='ocr_line' id='line_1_23' title="bbox 320 3543 1371 3648; baseline 0.003 -32"><span class='ocrx_word' id='word_1_143' title='bbox 320 3543 419 3644; x_wconf 90' lang='lat' dir='ltr'>apud</span> <span class='ocrx_word' id='word_1_144' title='bbox 435 3548 546 3622; x_wconf 84' lang='lat' dir='ltr'>issum</span> <span class='ocrx_word' id='word_1_145' title='bbox 560 3545 708 3638; x_wconf 87' lang='lat' dir='ltr'>Ciliciae,</span> <span class='ocrx_word' id='word_1_146' title='bbox 728 3553 834 3622; x_wconf 89' lang='lat' dir='ltr'>tertio</span> <span class='ocrx_word' id='word_1_147' title='bbox 849 3547 947 3648; x_wconf 88' lang='lat' dir='ltr'>apud</span> <span class='ocrx_word' id='word_1_148' title='bbox 960 3547 1110 3638; x_wconf 89' lang='lat' dir='ltr'>Arbela,</span> <span class='ocrx_word' id='word_1_149' title='bbox 1132 3546 1265 3622; x_wconf 84' lang='lat' dir='ltr'>¹tribus</span> <span class='ocrx_word' id='word_1_150' title='bbox 1280 3571 1371 3646; x_wconf 78' lang='lat' dir='ltr'>prae·</span> 
     </span>
    </p>
   </div>
   <div class='ocr_carea' id='block_1_7' title="bbox 244 3777 1373 4240">
    <p class='ocr_par' dir='ltr' id='par_1_7' title="bbox 244 3777 1373 4240">
     <span class='ocr_line' id='line_1_24' title="bbox 318 3777 1370 3859; baseline -0.001 -26"><span class='ocrx_word' id='word_1_151' title='bbox 318 3779 383 3834; x_wconf 86' lang='lat' dir='ltr'>dito.</span> <span class='ocrx_word' id='word_1_152' title='bbox 394 3781 475 3835; x_wconf 88' lang='lat' dir='ltr'>Corn.</span> <span class='ocrx_word' id='word_1_153' title='bbox 485 3784 553 3856; x_wconf 82' lang='lat' dir='ltr'>Nep.</span> <span class='ocrx_word' id='word_1_154' title='bbox 564 3783 645 3838; x_wconf 84' lang='lat' dir='ltr'>Phoc.</span> <span class='ocrx_word' id='word_1_155' title='bbox 662 3788 824 3859; x_wconf 66' lang='lat' dir='ltr'>tulixquo</span> <span class='ocrx_word' id='word_1_156' title='bbox 901 3785 962 3838; x_wconf 78' lang='lat' dir='ltr'>Cir.</span> <span class='ocrx_word' id='word_1_157' title='bbox 979 3785 1048 3838; x_wconf 82' lang='lat' dir='ltr'>xvt</span> <span class='ocrx_word' id='word_1_158' title='bbox 1064 3815 1101 3827; x_wconf 88' lang='lat'>-</span> <span class='ocrx_word' id='word_1_159' title='bbox 1118 3801 1140 3836; x_wconf 90' lang='grc' dir='ltr'>ι.</span> <span class='ocrx_word' id='word_1_160' title='bbox 1160 3783 1251 3836; x_wconf 77' lang='lat' dir='ltr'>Tribus</span> <span class='ocrx_word' id='word_1_161' title='bbox 1264 3777 1370 3854; x_wconf 77' lang='lat' dir='ltr'>proeliis·</span> 
     </span>
     <span class='ocr_line' id='line_1_25' title="bbox 323 3854 1371 3940; baseline -0.001 -27"><span class='ocrx_word' id='word_1_162' title='bbox 323 3865 503 3934; x_wconf 74' lang='lat' dir='ltr'>ncognomins</span> <span class='ocrx_word' id='word_1_163' title='bbox 511 3865 599 3918; x_wconf 84' lang='lat' dir='ltr'>Bonus</span> <span class='ocrx_word' id='word_1_164' title='bbox 608 3865 825 3940; x_wconf 66' lang='lat' dir='ltr'>estappellatnsa·</span> <span class='ocrx_word' id='word_1_165' title='bbox 864 3863 983 3919; x_wconf 73' lang='lat' dir='ltr'>Freinslt.</span> <span class='ocrx_word' id='word_1_166' title='bbox 995 3862 1030 3916; x_wconf 84' lang='lat' dir='ltr'>ad</span> <span class='ocrx_word' id='word_1_167' title='bbox 1040 3863 1113 3916; x_wconf 85' lang='lat' dir='ltr'>Curt.</span> <span class='ocrx_word' id='word_1_168' title='bbox 1125 3858 1238 3933; x_wconf 71' lang='lat' dir='ltr'>1V,9,t</span> <span class='ocrx_word' id='word_1_169' title='bbox 1248 3883 1255 3912; x_wconf 75' lang='lat' dir='ltr'>s</span> <span class='ocrx_word' id='word_1_170' title='bbox 1270 3881 1282 3906; x_wconf 77' lang='grc' dir='ltr'>ι</span> <span class='ocrx_word' id='word_1_171' title='bbox 1292 3854 1371 3930; x_wconf 81' lang='lat' dir='ltr'>Apud</span> 
     </span>
     <span class='ocr_line' id='line_1_26' title="bbox 320 3941 1373 4020; baseline 0.002 -26"><span class='ocrx_word' id='word_1_172' title='bbox 320 3941 353 3994; x_wconf 81' lang='lat' dir='ltr'>Et</span> <span class='ocrx_word' id='word_1_173' title='bbox 363 3944 468 3996; x_wconf 78' lang='lat' dir='ltr'>Aristid.</span> <span class='ocrx_word' id='word_1_174' title='bbox 482 3961 491 3997; x_wconf 90' lang='lat' dir='ltr'>t</span> <span class='ocrx_word' id='word_1_175' title='bbox 504 3967 510 3997; x_wconf 77' lang='lat' dir='ltr'>s</span> <span class='ocrx_word' id='word_1_176' title='bbox 524 3968 535 3992; x_wconf 82' lang='grc' dir='ltr'>ι</span> <span class='ocrx_word' id='word_1_177' title='bbox 547 3949 824 4020; x_wconf 66' lang='lat' dir='ltr'>Utunuscognomine</span> <span class='ocrx_word' id='word_1_178' title='bbox 868 3947 1000 4013; x_wconf 74' lang='lat' dir='ltr'>«Arbela,</span> <span class='ocrx_word' id='word_1_179' title='bbox 1022 3948 1100 3998; x_wconf 80' lang='lat' dir='ltr'>tertio</span> <span class='ocrx_word' id='word_1_180' title='bbox 1124 3942 1230 4018; x_wconf 65' lang='lat' dir='ltr'>prelio,</span> <span class='ocrx_word' id='word_1_181' title='bbox 1253 3951 1373 3994; x_wconf 64' lang='lat' dir='ltr'>trecenti</span> 
     </span>
     <span class='ocr_line' id='line_1_27' title="bbox 323 4021 1372 4099; baseline -0.001 -29"><span class='ocrx_word' id='word_1_182' title='bbox 323 4023 436 4076; x_wconf 70' lang='lat' dir='ltr'>adustus</span> <span class='ocrx_word' id='word_1_183' title='bbox 445 4026 480 4076; x_wconf 78' lang='lat' dir='ltr'>sit</span> <span class='ocrx_word' id='word_1_184' title='bbox 489 4025 669 4099; x_wconf 67' lang='lat' dir='ltr'>appellatus..</span> <span class='ocrx_word' id='word_1_185' title='bbox 868 4025 1010 4097; x_wconf 76' lang='lat' dir='ltr'>«peditum</span> <span class='ocrx_word' id='word_1_186' title='bbox 1020 4025 1152 4097; x_wconf 74' lang='lat' dir='ltr'>reginum</span> <span class='ocrx_word' id='word_1_187' title='bbox 1161 4021 1241 4075; x_wconf 80' lang='lat' dir='ltr'>millia</span> <span class='ocrx_word' id='word_1_188' title='bbox 1253 4021 1372 4094; x_wconf 81' lang='lat' dir='ltr'>equitum</span> 
     </span>
     <span class='ocr_line' id='line_1_28' title="bbox 244 4097 1370 4170; baseline -0.002 -17"><span class='ocrx_word' id='word_1_189' title='bbox 244 4163 246 4170; x_wconf 15' lang='grc' dir='ltr'><em>Α</em></span> <span class='ocrx_word' id='word_1_190' title='bbox 357 4097 381 4152; x_wconf 79' lang='grc'>5.</span> <span class='ocrx_word' id='word_1_191' title='bbox 394 4101 488 4155; x_wconf 76' lang='lat' dir='ltr'>Ttton.</span> <span class='ocrx_word' id='word_1_192' title='bbox 501 4105 594 4159; x_wconf 75' lang='lat' dir='ltr'>Chion.</span> <span class='ocrx_word' id='word_1_193' title='bbox 603 4105 641 4159; x_wconf 92' lang='lat' dir='ltr'>ld.</span> <span class='ocrx_word' id='word_1_194' title='bbox 654 4105 752 4159; x_wconf 83' lang='lat' dir='ltr'>Chabr.</span> <span class='ocrx_word' id='word_1_195' title='bbox 764 4107 806 4158; x_wconf 86' lang='lat' dir='ltr'>tv.</span> <span class='ocrx_word' id='word_1_196' title='bbox 869 4130 881 4154; x_wconf 74' lang='grc' dir='ltr'><strong><em>ι</em></strong></span> <span class='ocrx_word' id='word_1_197' title='bbox 890 4119 998 4160; x_wconf 85' lang='lat' dir='ltr'>centum</span> <span class='ocrx_word' id='word_1_198' title='bbox 1014 4104 1096 4158; x_wconf 84' lang='lat' dir='ltr'>millia</span> <span class='ocrx_word' id='word_1_199' title='bbox 1112 4105 1152 4158; x_wconf 84' lang='lat' dir='ltr'>bis</span> <span class='ocrx_word' id='word_1_200' title='bbox 1167 4102 1241 4158; x_wconf 76' lang='lat' dir='ltr'>mille</span> <span class='ocrx_word' id='word_1_201' title='bbox 1253 4104 1271 4154; x_wconf 81' lang='lat' dir='ltr'>f.</span> <span class='ocrx_word' id='word_1_202' title='bbox 1285 4120 1309 4153; x_wconf 87' lang='lat' dir='ltr'>c.</span> <span class='ocrx_word' id='word_1_203' title='bbox 1322 4119 1347 4151; x_wconf 87' lang='lat' dir='ltr'>v.</span> <span class='ocrx_word' id='word_1_204' title='bbox 1358 4123 1370 4144; x_wconf 83' lang='grc' dir='ltr'>ι</span> 
     </span>
     <span class='ocr_line' id='line_1_29' title="bbox 358 4179 1313 4240; baseline -0.004 -6"><span class='ocrx_word' id='word_1_205' title='bbox 358 4179 384 4232; x_wconf 81' lang='grc'>6.</span> <span class='ocrx_word' id='word_1_206' title='bbox 397 4181 481 4236; x_wconf 83' lang='lat' dir='ltr'>Facie.</span> <span class='ocrx_word' id='word_1_207' title='bbox 493 4183 534 4236; x_wconf 79' lang='lat' dir='ltr'>An</span> <span class='ocrx_word' id='word_1_208' title='bbox 545 4187 620 4239; x_wconf 75' lang='lat' dir='ltr'>ame?</span> <span class='ocrx_word' id='word_1_209' title='bbox 630 4188 745 4240; x_wconf 77' lang='lat' dir='ltr'>Perizon.</span> <span class='ocrx_word' id='word_1_210' title='bbox 866 4186 992 4240; x_wconf 85' lang='lat' dir='ltr'>Nondum</span> <span class='ocrx_word' id='word_1_211' title='bbox 1004 4187 1041 4238; x_wconf 80' lang='lat' dir='ltr'>its</span> <span class='ocrx_word' id='word_1_212' title='bbox 1055 4198 1164 4239; x_wconf 74' lang='lat' dir='ltr'>sanatus</span> <span class='ocrx_word' id='word_1_213' title='bbox 1177 4194 1217 4236; x_wconf 79' lang='lat' dir='ltr'>est</span> <span class='ocrx_word' id='word_1_214' title='bbox 1228 4181 1313 4234; x_wconf 84' lang='lat' dir='ltr'>locus.</span> 
     </span>
    </p>
   </div>
   <div class='ocr_carea' id='block_1_8' title="bbox 0 0 1559 4948">
    <p class='ocr_par' dir='ltr' id='par_1_8' title="bbox 0 0 1559 4948">
     <span class='ocr_line' id='line_1_30' title="bbox 0 0 1559 4948; baseline 0 0"><span class='ocrx_word' id='word_1_215' title='bbox 0 0 1559 4948; x_wconf 95' lang='lat' dir='ltr'> </span> 
     </span>
    </p>
   </div>
  </div>
 </body>
</html>
