3102 4942
398 503 703 570 TESTIMONIA
726 505 787 568 ET
810 505 828 568 J
838 503 1019 568 [intuli.
1213 527 1229 594 7

192 628 1233 712 reiltomanaelibroa.Quosquicompendiumbiviiautbreviarium

188 729 324 805 iaciunt,
335 728 383 790 vel
396 749 449 806 eo,
461 741 708 811 prementem,
720 726 867 808 redargui
882 729 1038 803 existimo,
1050 727 1136 810 quod
1150 729 1184 788 in
1197 731 1234 788 iis

189 821 313 887 aLivio
332 847 546 909 saepenumero
565 827 655 888 abeat
672 847 707 886 ac
723 826 823 886 variet
838 826 998 888 sententia.
1018 828 1122 886 Potius
1140 825 1235 886 totius

189 924 312 1006 imperii
324 923 462 985 florentis
475 921 614 985 tabulam
628 922 869 1006 appellabimus,
880 941 977 1004 quum
991 923 1158 1005 praesertim
1170 924 1235 1006 ipsa

190 1022 223 1082 in
234 1021 369 1103 prologo
379 1043 435 1084 suo
447 1021 580 1083 fateatur
592 1043 622 1084 se
634 1021 672 1082 ad
685 1019 862 1103 exemplum
875 1039 1000 1096 eorum,
1016 1023 1070 1104 qui
1083 1034 1236 1082 terrarum

190 1118 266 1178 situs
278 1118 430 1200 pingunt,
447 1120 481 1179 in
497 1119 583 1180 brevi
597 1121 686 1200 quasi
702 1115 817 1179 tabella
831 1117 1006 1204 nniversam
1024 1119 1145 1200 imperii
1162 1119 1236 1178 ima·

190 1217 296 1295 ginem
306 1237 341 1278 ac
353 1217 602 1299 magnitudinem
614 1216 657 1276 ob
670 1215 777 1276 oculor
788 1217 938 1297 potuitne.

529 1463 597 1528 CL.
621 1459 906 1543 sumsisti&

468 1667 506 1707 tit
532 1667 705 1710 PROLOGO
731 1667 777 1709 nn
803 1667 968 1710 nonunt.

232 1826 327 1906 Super
349 1837 471 1887 auctore
496 1825 590 1907 hujus
612 1826 846 1909 elegantissime
869 1827 1022 1909 Epitomoe
1043 1824 1122 1886 nihil
1149 1827 1240 1887 nobis

190 1937 384 2006 compertum
394 1936 453 2000 est,
464 1925 549 2006 qnod
559 1927 618 1985 viri
632 1925 716 1986 docti
728 1943 794 1986 non
806 1925 929 2000 norint,
944 1938 1035 2006 atque
1049 1925 1107 2007 ipsi
1121 1925 1239 2007 pridem

192 2019 400 2094 observarint3
420 2041 477 2082 nec
497 2035 562 2082 tum
585 2043 705 2082 necesse
728 2036 773 2082 est
791 2007 851 2082 nos
873 2038 944 2082 eum
965 2023 1127 2102 ignorare,
1147 2039 1240 2101 quam

193 2117 283 2178 bonis
293 2117 495 2199 conjecturis,
511 2139 566 2202 per
582 2141 659 2202 quas
672 2122 696 2180 si
711 2140 778 2180 non
791 2137 898 2180 verum
909 2118 1034 2194 elicere,
1046 2117 1124 2177 falsa
1137 2129 1241 2177 tamen

192 2212 324 2296 refutare
337 2219 508 2299 possimus,
525 2218 628 2279 inniti.
641 2219 680 2278 lit
691 2231 727 2278 ut
738 2237 847 2278 rerum
863 2214 1024 2292 fateamur,
1037 2214 1158 2276 facilius
1171 2234 1242 2296 pos·

194 2333 300 2375 tumus
312 2317 447 2378 invenire
460 2315 546 2399 cujus
558 2335 625 2379 non
636 2318 691 2391 sit,
703 2335 798 2398 qnam
810 2313 897 2398 cujus
909 2317 948 2376 sit
961 2315 1022 2376 hoc
1037 2331 1130 2397 opus:
1146 2313 1170 2372 si
1181 2311 1241 2374 hoc

195 2411 333 2473 invenire
348 2427 405 2488 est,
420 2433 539 2496 semper
552 2413 722 2494 quaerendo
734 2411 886 2474 laborare.
906 2413 942 2472 ln
959 2410 1146 2494 quibusdam
1160 2423 1241 2470 teta·

193 2510 279 2570 ribus
295 2526 326 2571 et
344 2531 440 2574 manu
461 2515 590 2572 exaratis
611 2512 698 2574 libris
720 2513 863 2595 quendam
881 2513 1027 2594 leguntur
1043 2511 1099 2570 sub
1119 2508 1241 2592 prologi

193 2606 303 2684 titulo,
326 2609 364 2670 dc
379 2613 469 2672 Laeto
484 2619 596 2673 Annoeo
614 2612 744 2687 Semta,
763 2627 794 2672 ct
811 2614 901 2673 Lucio
919 2611 1035 2671 Anrueo
1051 2607 1151 2683 Mela,
1173 2627 1241 2687 quae

193 2706 296 2788 inepte
312 2720 343 2767 et
358 2708 460 2770 aliens
474 2727 536 2770 esse
551 2709 642 2772 facile
660 2727 784 2785 omnes,
797 2711 850 2792 qui
866 2705 1154 2790 legerunt,aident:
1172 2723 1242 2786 quae

192 2801 298 2882 qualia
312 2805 373 2864 sint
390 2817 423 2864 ut
438 2805 585 2882 sciamus,
601 2808 643 2866 ita
655 2806 809 2889 'prologus
820 2806 951 2888 incipit:
970 2827 984 2860 n
996 2805 1086 2864 Anno
1098 2800 1244 2862 tertiode-

196 2902 303 2961 aoitno
313 2902 507 2985 Olympiadis
518 2905 630 2965 Lucius
643 2905 777 2964 Annaeus
789 2904 885 2966 Melas
898 2904 992 2963 irater
1001 2903 1120 2961 Senecae
1130 2911 1160 2958 et
1171 2897 1246 2956 Gal·

198 3017 212 3048 c
223 2993 317 3054 lionis
327 2996 412 3057 bona
421 2999 538 3058 Lucani
549 3011 648 3080 poetoe
656 2997 718 3080 filii
730 3001 778 3061 sui
790 2999 938 3057 eNerone
951 2994 1132 3077 promeruit
1143 3015 1157 3046 n
1171 2992 1246 3050 Haec

193 3090 349 3152 verbatim
365 3093 516 3173 descripta
531 3111 574 3152 etr
585 3095 797 3174 Hieronymo,
815 3105 846 3152 et
866 3092 1042 3174 turpissimo
1062 3087 1176 3150 mendo
1193 3087 1244 3150 de-

194 3189 339 3251 formata.
354 3187 552 3276 Legendum:
567 3216 580 3246 ιι
590 3196 681 3251 Anno
694 3192 784 3252 tertio
800 3191 971 3272 undecimae
984 3187 1180 3272 Olympiadis
1195 3207 1244 3250 su·

197 3307 276 3369 upra
286 3285 540 3348 ducentesimam.
551 3314 565 3345 n
577 3289 637 3348 Hic
647 3299 750 3348 eutem
761 3290 872 3349 Junius
883 3283 983 3349 Gallio
993 3289 1026 3349 in
1039 3287 1243 3348 vetustiesimo

195 3383 300 3445 codice
319 3383 443 3445 Enaebii
459 3383 608 3446 Palatinae
627 3384 826 3448 Bibliothecae
843 3399 973 3448 vocatur
989 3389 1097 3448 lunius
1114 3387 1245 3446 Animus

195 3478 304 3541 Gallio.
322 3481 377 3541 Sed
393 3483 482 3542 atad
500 3499 565 3542 rem
582 3484 762 3559 redeamus,
777 3482 869 3566 hujus
881 3482 1058 3568 compendii
1074 3497 1139 3543 non
1156 3497 1244 3564 posse

197 3589 356 3638 auctorem
370 3578 430 3639 dici
447 3581 480 3640 t.
493 3582 642 3644 Annaeum
651 3584 809 3656 Senecam,
828 3597 881 3643 ent
896 3585 931 3644 t.
950 3583 1098 3643 Animum
1115 3579 1243 3653 Melon,

196 3675 330 3736 omniuo
348 3675 466 3738 elerum
486 3692 539 3740 est.
555 3676 678 3742 Veteres
698 3680 827 3761 quidam
848 3681 938 3755 libri,
961 3693 996 3738 ut
1021 3677 1104 3739 illius
1129 3673 1245 3737 indicio

197 3773 431 3854 cognoscimus,
449 3777 502 3856 qni
524 3777 691 3861 prologum
711 3779 774 3840 sive
793 3791 1011 3859 argumentum
1031 3773 1249 3846 concinnavit,

201 3887 315 3930 nomen
326 3870 411 3932 Flori
422 3871 610 3954 adscriptum
621 3893 688 3936 non
700 3871 873 3936 habebant:
884 3873 937 3934 ced
950 3874 986 3932 in
999 3871 1034 3933 iis
1049 3873 1132 3933 Lucii
1143 3869 1252 3930 Annoei

195 3979 265 4024 erat
275 3977 396 4028 tanum
403 3971 535 4028 mentio.
548 3969 629 4051 Ergo
642 3971 785 4052 quianam
795 4011 804 4042 ‚
816 3969 933 4052 inquit,
948 3967 1064 4028 horum
1078 3965 1148 4026 libri
1160 3963 1253 4044 liujus

200 4072 309 4122 ¹auctor
324 4065 377 4140 tit,
393 4065 507 4128 Lucius
521 4067 654 4126 Annam
669 4065 799 4141 Seneca,
814 4083 854 4126 an
872 4065 987 4126 Lucius
1006 4065 1139 4124 Annaens
1154 4058 1254 4129 Mela,

198 4161 352 4222 incertum
372 4161 445 4224 feeit
465 4164 673 4225 communitas
690 4167 856 4225 nominum
876 4166 963 4224 Lucii
985 4175 1015 4222 et
1036 4163 1160 4230 Annoei;
1181 4169 1255 4214 nam
