3026 4956
421 565 566 630 LIBER
588 563 910 630 MEMORIALIS.
1126 564 1190 654 369

144 693 299 768 victouis
319 693 388 764 suis
409 685 670 790 triumphisque
692 691 903 788 peragravit.
929 688 1035 760 Caius
1056 690 1190 778 Caesar,

145 810 208 908 qui
224 801 358 880 Gallias
378 805 659 904 Germaniasque
674 802 829 903 subegit,
853 818 889 875 et
903 806 1039 902 primm
1056 806 1192 876 Roma-

144 947 274 998 norum
290 923 468 1019 navigavit
483 923 688 1009 Oceanum,
713 923 750 991 in
767 943 839 1018 qno
856 920 1075 992 Britanniam
1095 923 1195 992 inve-

145 1043 214 1129 nit,
238 1053 276 1112 et
296 1039 392 1111 vicio
414 1033 528 1109 Julius
550 1038 670 1110 Cacsar
692 1037 886 1134 Augustus,
912 1037 974 1134 qui
995 1041 1196 1134 perpacatis

146 1152 314 1228 omnibus
325 1154 519 1252 provinciis
530 1154 789 1225 exercitnstoto
800 1149 1073 1224 orbcterrarum
1082 1151 1199 1250 dispo·

147 1274 233 1360 suit,
246 1285 282 1344 et
293 1273 496 1360 Romanurn
507 1271 699 1366 imperinm
711 1257 900 1342 o'rdinavit.
915 1271 998 1340 Post
1009 1269 1107 1367 cujus
1118 1293 1200 1342 con-

147 1390 384 1461 secrationem
395 1400 570 1484 perpetua
581 1387 761 1458 Getarum
773 1384 949 1458 dictatura
961 1384 1175 1458 dominatur.

149 1661 567 1684 mmmmm
911 1658 1204 1684 ΜᾸΜΜΙΛΜΛΝ

617 1871 738 1946 XIX.

152 2133 358 2226 ROMANI,
379 2136 465 2227 QUI
483 2139 533 2208 IN
550 2137 685 2209 TOGA
704 2137 924 2210 FUERUNT
943 2139 1204 2212 ILLUSTRES.

205 2347 347 2468 Manius
359 2408 365 2436 ¹
381 2395 557 2494 Agrippa,
570 2397 632 2492 qui
644 2391 872 2466 dissidentem
884 2391 1060 2492 populum
1073 2380 1208 2470 senatui

155 2505 363 2610 conligavit,
387 2525 495 2608 atque
516 2505 728 2580 conciliavit.
750 2509 887 2606 Appius
905 2509 1042 2600 Caecus,
1064 2515 1126 2609 qui
1142 2538 1209 2611 pa-

156 2651 236 2702 cem
252 2623 380 2724 Pyrrhi
398 2624 559 2714 diremit,
582 2650 627 2696 ne
641 2623 815 2725 populus,
837 2627 898 2724 qui
914 2629 983 2696 suis
996 2650 1125 2724 parere
1141 2653 1210 2700 no-

156 2738 289 2830 luerat,
301 2737 367 2812 sub
385 2742 536 2812 externis
550 2737 692 2839 regibus
708 2755 901 2852 regeretur.
918 2738 1082 2813 Tiberius
1099 2744 1212 2814 Grac-

159 2841 263 2943 chus,
290 2856 352 2952 qui
379 2855 584 2952 Scipionem
611 2855 805 2926 Asiaticum
836 2859 997 2953 quamvis
1027 2857 1212 2928 inimicum

159 2967 326 3056 haberet,
347 2993 421 3040 non
440 2984 492 3040 est
511 2993 633 3065 passus
651 2993 672 3040 a
690 2966 871 3041 tribunis
862 2995 898 3040 in
915 2993 1096 3040 carcerem
1112 2969 1210 3060 duci,

161 3083 260 3186 qnod
281 3083 438 3156 diceret²
453 3082 571 3172 nefas,
593 3083 642 3155 ibi
664 3109 737 3156 esse
758 3085 979 3182 Scipionem,
1002 3083 1064 3156 ubi
1081 3091 1212 3184 captivi

160 3197 252 3272 illius
260 3195 378 3272 adhuc
387 3195 742 3298 alligatitcnerentur.
754 3199 823 3270 Hic
834 3196 1138 3272 estGracchorum
1149 3227 1214 3301 pa-

161 3332 233 3405 ter,
246 3319 308 3415 qni
321 3318 358 3386 in
370 3311 568 3404 tribunatu,
588 3339 700 3415 quum
714 3317 860 3414 agrariis
874 3312 1011 3414 legibus
1025 3313 1214 3389 seditiones

163 3435 374 3522 excitarent,
389 3428 568 3504 interiecti
580 3446 670 3512 suut.
684 3431 851 3504 Decimus
863 3431 991 3503 Brutus
1006 3427 1214 3523 ³Calaecius,

163 3550 225 3646 qui
243 3544 471 3618 ⁴Gracchum
492 3545 685 3646 ⁵generum
699 3548 846 3645 agrariis
865 3543 1002 3644 legibus
1022 3547 1124 3646 Reip.
1147 3561 1217 3620 sta-

163 3678 240 3736 tum
251 3661 456 3736 turbantem
467 3688 549 3736 cum
559 3665 707 3762 Opimio
718 3661 863 3735 consule
874 3667 1059 3763 oppressit.
1070 3666 1120 3735 M.
1132 3657 1217 3738 liru-

166 3893 198 3928 ro
216 3877 672 3953 1n‚5‚31,equosddipouu
711 3895 764 3934 tur.
776 3880 837 3933 vid.
851 3882 906 3933 Liv.
920 3881 1121 3951 xxxv111,57
1137 3885 1216 3938 etsso.

165 3973 246 4008 mm.
748 3963 773 4014 3.
793 3959 926 4014 Caloeeius
946 3919 1095 4030 allectio,
1113 3965 1173 4016 intr.
1193 3983 1216 4018 c.

203 4034 434 4089 meatu-1.
451 4037 674 4090 ManiusAEene·
712 4038 812 4105 xxv1,
823 4035 866 4090 vel
881 4037 1020 4093 cultatem.

167 4115 235 4170 πίω.
750 4119 775 4187 4.
812 4115 966 4172 Gracchum.
1001 4119 1028 4171 C
1062 4122 1247 4176 Gracchum.-

205 4193 366 4246 mDiemt.
388 4195 524 4249 Periaouio
551 4192 675 4268 placebat
714 4197 803 4250 liuns.
819 4195 854 4250 ad
865 4196 933 4252 Veli.
947 4199 984 4265 11,
998 4217 1022 4252 a.

169 4271 281 4328 dms.
290 4271 429 4330 Miiainilail
436 4273 593 4330 mutandum
602 4274 676 4360 vide·
751 4277 777 4330 5.
790 4279 929 4333 Generum.
940 4279 983 4334 Sic
991 4299 1082 4334 rursus
1092 4301 1115 4334 c.
1127 4283 1218 4334 XXVI.

1046 4369 1078 4434 ²4
