3156 4950
344 475 405 553 224
446 519 458 550 ,
668 473 704 536 a.
730 473 884 550 nunni
908 474 1055 537 raoni

291 602 425 676 attrito
456 602 596 695 capite,
629 613 848 696 postremum
878 597 991 668 cauda
1018 601 1207 670 minantur.
1237 601 1383 699 Quippe

341 739 452 813 quum
468 711 648 812 effiagisset
663 710 803 786 hostem
823 738 889 810 per
906 710 1080 802 Colchos,
1097 711 1224 787 Siciliae
1242 741 1385 814 quoque

339 828 463 920 litora,
478 846 514 903 et
527 832 760 928 Campaniam
770 845 928 902 nostram
945 827 1060 901 subito
1078 828 1232 903 adventu
1250 847 1386 904 terrere

339 944 476 1018 voluit:
509 943 650 1018 Colchis
672 961 774 1018 tenus
800 946 949 1044 jungere
974 946 1183 1043 Bosporon:
1211 945 1295 1018 inde
1319 969 1386 1044 per

339 1059 546 1149 Thraciam,
573 1057 838 1148 Macedoniam,
861 1076 896 1132 et
919 1059 1095 1131 Graeciam
1117 1057 1309 1132 transilire:
1333 1064 1384 1132 sic

289 1188 324 1240 ²6
339 1174 477 1250 ltaliam
490 1200 556 1248 nec
568 1178 732 1272 opinatus
746 1173 929 1248 invadere:
944 1191 1081 1248 tantum
1097 1180 1283 1274 cogitarim
1300 1201 1384 1247 nam

339 1318 405 1392 per
432 1290 669 1364 defectionem
696 1294 844 1380 civium,
873 1287 1134 1390 Pharnacisque
1160 1288 1222 1362 filii
1252 1288 1383 1363 scelere

339 1423 551 1507 praeventus,
571 1405 662 1482 male
681 1422 855 1480 tentatum
871 1433 1007 1480 veneno
1026 1411 1188 1506 spiritum
1207 1406 1300 1478 ferro
1318 1431 1383 1478 ert-

340 1519 441 1619 pulit.

377 1723 418 1779 25.
441 1725 541 1800 Quippe
553 1743 631 1800 quam
642 1727 774 1805 effitpisset
786 1731 842 1784 hot·
883 1733 970 1786 statim
983 1746 1077 1784 auctor
1086 1729 1170 1783 ultera
1179 1742 1254 1802 parta
1263 1727 1383 1780 ordinem

341 1813 391 1856 tem
404 1823 452 1876 per
462 1807 607 1859 calabon...
623 1808 754 1880 copitavit.
769 1811 842 1862 Lon·
882 1815 938 1880 ejus
961 1810 1065 1862 consilii
1090 1807 1240 1879 singulatim
1261 1807 1382 1877 exponit:

340 1902 373 1956 ge
386 1882 516 1938 aberravit
529 1885 654 1939 Camillus
673 1888 841 1960 Peregrinus,
884 1891 999 1959 Colchis,
1015 1902 1088 1943 team
1095 1894 1207 1964 junpere
1222 1889 1383 1960 Bospontme

341 1981 423 2034 quum
439 1965 466 2015 in
484 1963 720 2020 Dissertationibns
736 1968 791 2020 suis
809 1968 842 2020 de
883 1971 943 2023 inde
947 1990 996 2043 per
1003 1966 1349 2035 Thraciam,Macedoniam
1360 1978 1386 2018 et

339 2041 412 2092 fellei
421 2043 566 2113 Campania
576 2059 622 2095 ⁵011
632 2045 724 2116 Capua
733 2047 842 2116 antiqua
884 2053 1010 2105 Groect'am
1022 2048 1163 2103 transilire.-
1173 2048 1209 2100 sic
1217 2045 1326 2098 Italiam
1337 2064 1386 2098 nec

340 2123 430 2191 priora
439 2120 519 2192 hujus
528 2120 582 2174 loci
592 2121 672 2176 verba
683 2123 774 2195 refingi
784 2143 842 2176 sua·
883 2131 1034 2202 inopinatus
1048 2129 1176 2182 invadent·
1192 2123 1312 2177 Pendeat
1326 2121 1385 2176 ¹¹²⁰

340 2203 374 2252 Sit
389 2202 416 2252 ln
432 2200 504 2254 hunc
521 2202 625 2254 locum:
641 2203 744 2277 Quippe
759 2223 842 2276 quum
883 2213 1043 2282 asaperiore
1055 2208 1137 2260 verbo
1149 2204 1246 2272 υοὶιιίε,
1259 2208 1335 2277 quasi
1346 2204 1385 2256 tli-

340 2279 474 2353 effflqlffl
485 2281 582 2334 hostem
589 2302 638 2354 per
649 2281 770 2350 Colchos,
782 2283 843 2353 Scy·
883 2309 943 2358 eas,
955 2289 1055 2342 scilicet
1065 2287 1170 2341 Colchis
1184 2300 1262 2340 tenus
1273 2287 1384 2356 jungere

341 2361 510 2434 thioequoqae
517 2362 595 2416 litora
604 2376 630 2417 et
638 2363 749 2416 claustra
756 2375 843 2418 nmtra
883 2371 1033 2440 Bosporum
1045 2380 1096 2419 etc.
1109 2365 1233 2436 intelligit
1243 2377 1331 2416 antem
1342 2361 1386 2414 hic

339 2439 422 2492 subito
436 2442 548 2492 adveatu
559 2451 658 2494 terrere.
712 2441 777 2508 Qua
791 2442 843 2494 lec·
883 2449 1027 2520 Bosporum
1035 2465 1089 2498 non
1097 2443 1253 2510 Thracium,
1263 2441 1309 2496 satl
1317 2441 1385 2494 Cim-

340 2518 378 2569 tio
391 2536 445 2569 non
455 2517 535 2570 modo
545 2519 674 2571 librorum
684 2521 843 2573 anctoritate
884 2529 1008 2592 merium,
1019 2540 1099 2596 otqne
1106 2527 1141 2576 ita
1151 2521 1278 2593 significat
1286 2519 1386 2572 Mithri-

340 2592 500 2664 destituitur,
508 2596 595 2648 sedne
603 2599 664 2648 inse
670 2597 776 2667 quidem
782 2612 843 2670 apte
884 2603 973 2656 datam
985 2605 1012 2655 in
1026 2604 1114 2655 enimn
1126 2599 1264 2666 hahuisse,
1276 2597 1326 2651 sibi
1341 2595 1386 2650 atl-

340 2671 469 2739 cohaeret‚
481 2689 511 2727 ut
521 2677 600 2727 mirer
609 2693 669 2727 eam
679 2693 694 2727 a
703 2676 804 2728 Graevio
816 2679 843 2729 in
881 2685 994 2756 jungere
1017 2697 1108 2755 genten
1130 2683 1198 2732 inter
1220 2676 1334 2730 Colcho!
1358 2689 1385 2728 et

340 2754 457 2808 medium
469 2754 644 2828 productam,
658 2768 843 2827 tamquamat-
883 2764 1032 2832 Bosporum
1051 2762 1220 2830 interjectas,
1243 2771 1385 2828 earumque

341 2836 458 2888 tentione
468 2850 495 2888 et
504 2834 718 2889 consideratione
726 2835 841 2908 dignam.
883 2839 981 2892 auxilio
997 2839 1098 2892 bellum
1111 2841 1138 2891 in
1152 2838 1283 2908 Europam
1297 2847 1385 2887 trans·

339 2917 402 2968 Meo
414 2914 521 2988 quidem
528 2915 646 2988 judicio,
658 2927 730 2968 totns
743 2916 791 2966 iste
800 2915 843 2966 lo·
883 2915 1084 2970 ferrevoluisse.
1094 2919 1193 2968 Verum
1201 2917 1262 2986 quia
1270 2924 1386 2966 remun-

340 3015 387 3049 cus
396 3015 451 3050 non
461 3009 520 3067 eget
530 2997 580 3050 nisi
588 2995 758 3050 distinctione
767 3007 793 3048 et
802 3015 843 3048 ex·
884 3009 936 3049 tam
947 2999 1063 3069 speravit
1073 3015 1119 3049 rex
1128 2998 1227 3068 magis,
1237 3013 1319 3068 quam
1327 3013 1387 3068 per·

338 3074 482 3145 plicatione
500 3073 631 3128 docta...
650 3075 736 3147 prima
756 3087 843 3126 antem
883 3075 963 3129 ficere
978 3079 1083 3148 potnit,
1100 3075 1279 3150 significanter
1291 3077 1320 3127 in
1335 3074 1386 3126 fine

321 3203 326 3212 ,
341 3155 481 3228 explicatio
493 3154 679 3226 distinguenda
694 3155 774 3208 estin
791 3173 843 3226 qna
884 3159 1055 3231 expositionis
1065 3155 1160 3212 Florus
1169 3157 1271 3227 posuit:
1283 3166 1387 3207 matum

340 3233 432 3286 Florus
440 3233 600 3286 Mithridatis
610 3233 775 3306 interfngam
783 3250 845 3284 con·
883 3239 1014 3313 copitavit,
1023 3241 1088 3307 Quae
1095 3237 1174 3290 verba
1183 3254 1233 3307 per
1242 3253 1271 3287 se
1278 3253 1387 3288 sensim

340 3309 428 3361 silium
442 3325 550 3382 captam
562 3311 676 3363 breviter
688 3324 714 3364 et
729 3313 803 3382 quasi
814 3313 843 3362 in
884 3315 1084 3388 quodammodo
1097 3310 1285 3385 suspendentia
1295 3309 1386 3364 obser-

341 3406 441 3440 summa
451 3391 584 3462 proponit.
599 3393 636 3443 Ea
648 3407 710 3460 pars
723 3393 843 3443 contine·
882 3397 957 3450 vohis
970 3415 1042 3449 nnnc
1054 3394 1181 3467 compleri
1193 3391 1384 3465 sequentihus:

340 3482 383 3521 tur
392 3468 494 3522 verbis:
508 3471 610 3541 Quippe
620 3489 700 3540 quam
710 3469 843 3543 efficpisset
882 3477 954 3528 Nam
965 3493 1014 3548 per
1026 3473 1195 3540 defectionem
1207 3470 1321 3537 civium,
1333 3483 1384 3522 etc.

340 3547 434 3600 hostem
450 3547 576 3614 Colchos,
588 3545 683 3600 Sicilia
693 3565 795 3619 quoque
810 3547 843 3600 li-
882 3557 971 3608 Tang.

339 3636 432 3679 tornet
447 3627 620 3697 Campaniam
633 3637 747 3678 nostram
760 3625 842 3680 abito
931 3636 972 3688 26,
1006 3633 1202 3706 Pkamnaisqne
1225 3631 1303 3705 flta',
1334 3645 1387 3684 etc.

337 3706 451 3759 adventu
465 3702 692 3759 terrerevoluit....
708 3703 841 3760 admirans
884 3713 977 3766 scelere
999 3725 1153 3785 preventus.
1179 3713 1384 3775 Morrmomxu,

339 3800 427 3839 autem
439 3785 532 3854 lector,
543 3804 625 3859 quum
637 3782 728 3850 audit,
741 3783 843 3838 Mithri·
886 3791 1025 3844 Grandem
1048 3800 1073 3842 et
1098 3791 1248 3844 necarem
1269 3788 1311 3841 det
1332 3789 1385 3840 lla-

340 3863 843 3934 datamaColchisremotissimaterra,
884 3869 985 3936 mains,
1010 3869 1127 3941 chapitre
1151 3887 1185 3940 7:
1214 3865 1318 3919 uTralti
1337 3885 1387 3938 par

341 3941 433 3994 Siciliae
443 3958 524 4018 atqne
531 3943 680 4016 Campania
690 3943 843 3998 invadenda
883 3948 1020 4000 Plramace
1029 3961 1054 4000 et
1060 3965 1112 4021 par
1119 3965 1171 3999 ane
1179 3943 1386 4016 amtleeffinyde

341 4019 455 4073 suhitam
467 4042 541 4095 spem
552 4025 719 4095 concepisse,
738 4024 842 4095 cogitur
883 4026 914 4078 de
925 4025 952 4076 la
962 4026 1095 4098 prandeor
1104 4026 1136 4077 cle
1151 4042 1187 4078 ses
1202 4023 1350 4093 entrepnses
1359 4033 1385 4072 et

343 4116 471 4169 quaerere,
487 4101 622 4172 quomodo
635 4104 663 4155 id
674 4105 841 4176 propositum
883 4105 923 4157 des
938 4104 1041 4157 nasutas
1052 4103 1122 4174 qu'il
1134 4100 1214 4154 allait
1224 4099 1350 4162 camier,
1364 4097 1386 4149 il

342 4181 450 4252 exsequi
469 4201 512 4232 rex
532 4186 648 4254 sperarit.
668 4185 760 4256 ltaque
779 4183 841 4236 hinc
882 4192 986 4234 mourut
996 4203 1029 4236 en
1041 4183 1087 4234 roi.
1100 4203 1111 4230 ιι
1123 4179 1243 4232 -Male
1257 4186 1385 4230 tentatum
