3108 4950
288 541 347 606 170
533 509 536 516 ’
610 519 647 582 n.
672 518 1004 584 inanimum

248 657 263 710 5
283 638 352 713 cho
367 645 572 739 speciosius,
589 666 698 740 quam
715 640 814 741 quod
830 667 852 712 a
867 644 1035 714 Romanis
1051 646 1164 713 victus
1180 657 1244 713 est.
1264 644 1334 714 Im-

282 754 406 854 pulere
423 781 544 854 regem
560 757 597 826 in
613 753 652 826 id
665 753 821 844 bellum,
836 752 933 828 illinc
949 752 1069 828 Thoas
1080 754 1218 828 AEtoliae
1235 760 1335 854 prin·

284 897 383 968 ceps,
401 867 652 943 inhonoratam
676 868 772 969 apud
794 872 973 942 Romanos
994 895 1146 968 querens
1168 868 1335 942 adversus

282 982 500 1058 Macedonas
515 983 649 1056 militiae
665 1011 735 1057 suae
751 989 976 1057 societatem:
990 982 1074 1056 hinc
1088 983 1260 1075 Annibal,
1273 988 1335 1085 qui

283 1105 320 1173 in
331 1099 453 1174 Africa
464 1106 595 1192 victus,
613 1099 805 1201 profugus,
818 1118 853 1173 ct
865 1105 963 1199 pacis
977 1105 1181 1197 impatiens,
1196 1098 1335 1175 hostem

249 1216 419 1317 6populo
441 1220 604 1290 Romano
628 1233 705 1290 toto
728 1216 816 1290 orbe
840 1217 1032 1318 quaerebat.
1056 1220 1101 1290 Et
1124 1217 1223 1317 quod
1247 1215 1337 1288 illud

283 1333 404 1406 fuisset
416 1334 632 1434 periculum,
643 1339 670 1407 si
684 1363 720 1407 se
735 1333 888 1407 consiliis
903 1333 976 1434 ejus
991 1361 1053 1407 rex
1067 1323 1283 1424 tradidisset,
1296 1331 1337 1404 id

179 1507 183 1532 ,
285 1466 352 1541 est,
362 1455 388 1522 si
403 1454 494 1522 Asiae
507 1451 641 1523 vicibus
654 1477 737 1522 usus
749 1450 871 1522 fuisset
884 1455 992 1522 miser
1004 1447 1178 1523 Annibal?
1193 1447 1263 1521 Sed
1273 1473 1336 1520 rex

284 1569 353 1638 suis
371 1564 514 1665 opibus,
531 1582 566 1638 et
581 1570 727 1638 nomine
747 1568 845 1664 regio
863 1563 992 1655 fretus,
1007 1567 1088 1648 satis
1108 1563 1233 1636 habuit
1256 1561 1337 1635 bel-¹

251 1695 266 1748 7
284 1679 359 1752 lum
375 1705 532 1753 movere.
550 1684 696 1780 Europa
707 1680 801 1779 jam,
819 1678 929 1752 dubio
945 1677 1091 1778 procul,
1108 1678 1189 1778 jure
1205 1676 1251 1750 ad
1267 1680 1340 1749 Ro·

283 1821 409 1868 manos
425 1795 638 1894 pertinebat.
659 1798 728 1868 Hic
742 1792 1006 1895 Lysimachiam
1019 1793 1163 1883 urbem,
1183 1790 1339 1864 inlitora

285 1909 441 1984 Thracio
454 1915 607 2010 positam
621 1938 643 1983 a
656 1910 851 2009 majoribus
865 1913 953 2000 suis,
965 1906 1163 1981 Antiochus
1178 1923 1219 1979 ut
1231 1904 1340 1978 here-

285 2079 486 2144 Monmsoonu,
499 2077 598 2133 Grand.
609 2090 635 2133 et
643 2080 739 2132 Decad.
751 2081 793 2132 des
832 2079 889 2146 liis,
899 2077 999 2131 bellurn
1010 2079 1135 2150 gesserit,
1146 2089 1283 2148 exponunt
1294 2075 1340 2127 Li-

286 2161 428 2228 Romaim,
444 2161 521 2233 clap.
542 2161 573 2216 5:
599 2161 658 2212 uLa
671 2160 793 2232 saibletse
832 2163 890 2212 rius
902 2160 1009 2223 XXXV,
1022 2158 1070 2225 423
1084 2159 1180 2210 lustin.
1194 2157 1298 2221 xxm,
1312 2153 1339 2206 6.

284 2238 433 2312 principale
443 2242 478 2294 du
489 2260 615 2312 royaume
626 2242 657 2292 de
665 2243 739 2311 Syrie
749 2261 793 2292 ue·
870 2257 895 2311 7.
908 2240 1231 2312 Lysimachium'urbm..
1243 2235 1341 2288 heredi·

288 2322 344 2372 nait
353 2321 383 2372 de
393 2321 459 2374 celle
466 2322 498 2373 de
506 2319 532 2372 la
539 2341 610 2388 cour,
618 2325 652 2372 οἰι
660 2322 794 2393 νέφιαίεηῑ
834 2321 900 2371 turio
907 2322 971 2392 jure
982 2321 1134 2392 reposcebat.
1147 2314 1343 2391 Lysimachiam

288 2397 323 2451 les
331 2417 482 2454 mcccsseum
491 2401 522 2452 de
531 2401 641 2467 Darius,
651 2412 676 2451 et
686 2415 739 2450 uon
746 2417 795 2470 pas
835 2397 1343 2473 aLysimachoquiinterducesAlexan·

287 2475 490 2540 d'Alexandre.s
516 2510 551 2519 -
576 2481 661 2550 Quam
684 2480 756 2553 quod
777 2499 794 2530 a
835 2479 876 2530 dri
888 2483 980 2551 Magni
993 2481 1058 2544 fuit,
1073 2479 1208 2532 conditam
1221 2476 1344 2528 scribunt

287 2559 412 2613 Romanis
433 2562 514 2614 victus
534 2563 590 2614 est,⁸
601 2562 643 2612 Sic
661 2563 734 2631 Virp.
752 2561 793 2626 X,
835 2558 985 2629 Stephanus
995 2557 1028 2609 de
1039 2557 1169 2618 Urbibus;
1182 2555 1342 2615 Pausanias,

288 2635 356 2708 ⁸²9²
374 2662 386 2685 ι
396 2641 454 2691 Hoc
466 2652 554 2692 tamen
567 2639 660 2692 infelix
672 2643 795 2692 miseram
835 2638 914 2689 Attio¹
932 2655 964 2706 95
982 2638 1079 2688 lustin.
1098 2637 1186 2699 xvir,
1206 2652 1228 2698 r,
1245 2631 1341 2685 etalii.

291 2717 435 2772 «solabere
452 2731 584 2772 mortem:
601 2719 689 2772 AEueae
705 2721 794 2789 magni
834 2717 937 2770 Deinde
962 2715 1087 2770 Seleucus
1111 2713 1237 2768 Antiochi
1260 2729 1343 2784 proa-

291 2819 303 2843 «
315 2795 406 2849 dextra
415 2797 517 2860 cadis3»
525 2796 604 2851 Ovid.
614 2797 793 2868 Metamorph.
834 2816 896 2864 vus,
905 2795 1063 2870 Lysimacho
1071 2795 1098 2846 in
1107 2796 1163 2846 acic
1172 2810 1253 2859 caso,
1261 2789 1344 2842 Cher-

288 2879 354 2942 Xll,
367 2877 416 2932 80:
430 2879 578 2952 «Quisquis
590 2895 635 2943 es,
648 2897 664 2930 ο
674 2879 796 2950 juvenis,
835 2894 960 2930 sonesum
980 2874 1141 2941 Thraciam,
1161 2875 1188 2924 in
1210 2891 1264 2945 qua
1287 2883 1344 2923 erat

292 2955 398 3025 -dixir,
420 2959 539 3012 solamen
560 2957 660 3011 habeto
682 2959 795 3023 Mortis,
836 2957 1002 3032 Lysimachia
1024 2967 1212 3027 occupaverat.
1233 2955 1342 3020 Livius,

291 3035 346 3087 «ah
367 3037 489 3090 AEmonio
510 3034 585 3110 quod
606 3038 640 3090 sis
658 3036 796 3108 jugulatus
836 3036 1344 3106 xxxn1,40;xxx1v,sennensem

293 3111 452 3168 «Achille.-
511 3131 513 3134 ·
837 3117 1011 3193 Lysimachus
1030 3121 1101 3171 inter
1119 3119 1233 3185 majores
1250 3113 1345 3164 Antio·

325 3194 561 3248 5·1nl¹0n0ratam·
576 3195 753 3247 Coniemtssm·
837 3199 881 3253 chi
890 3202 1032 3254 fueritnon
1043 3201 1108 3251 scio.
1120 3197 1171 3251 Sed
1181 3191 1345 3246 Antiochum

325 3272 352 3327 6·
370 3275 439 3328 Satis
459 3275 550 3328 babuli
567 3275 664 3326 bellum
684 3291 796 3326 monem.
837 3279 883 3333 illo
896 3281 973 3332 titulo
983 3282 1010 3331 in
1020 3274 1346 3350 repetendapossessionc

291 3351 346 3404 MS.
355 3371 435 3420 unus,
443 3351 797 3407 satirhabuitsineAnnibole
837 3379 914 3412 usum
924 3361 1019 3423 fuisse,
1027 3373 1158 3428 nusquam
1169 3355 1283 3406 invenio.
1295 3353 1347 3403 Du.

291 3427 388 3482 bellum
398 3449 507 3485 mcum.
520 3431 723 3502 Necdisplice13
733 3449 797 3482 nam
838 3453 927 3490 nanus,
942 3465 979 3476 -
991 3433 1154 3488 Hereditorio
1168 3433 1234 3504 jure.
1251 3429 1347 3484 Florus

290 3509 385 3562 Flotffl
395 3511 427 3564 lis
438 3530 494 3582 quae
504 3509 592 3564 facere
602 3511 733 3564 debuerat
742 3514 798 3563 An·
838 3535 892 3568 non
906 3517 969 3568 satis
981 3512 1110 3566 adcurate
1122 3511 1178 3563 liaec
1190 3522 1290 3562 narrat.
1301 3511 1347 3562 Sc·

291 3589 413 3657 tiochus,
425 3594 538 3663 apponit
550 3611 582 3645 ea
594 3610 651 3664 quac
661 3592 732 3643 fecit.
742 3591 799 3642 De·
838 3595 916 3648 leuco
924 3591 1016 3666 paullo
1026 3604 1089 3664 post
1098 3603 1257 3662 occupatam
1265 3587 1347 3640 Cher·

290 3667 799 3742 bueratuticonsiliisAuuibalis,eique
839 3691 980 3727 eonesnm,
998 3672 1110 3734 occiso,
1140 3671 1244 3742 posteri
1274 3667 1346 3719 illius

291 3750 358 3801 vires
376 3753 445 3803 tanti
461 3755 536 3823 regni
551 3765 578 3804 et
591 3769 722 3804 summam
736 3748 799 3802 belli
839 3751 1035 3806 Chersonesum
1048 3748 1232 3822 neglexerant,
1244 3757 1269 3798 et
1281 3761 1346 3814 poe-

292 3835 465 3886 eommittcre.
490 3835 548 3885 Hoc
569 3849 624 3884 nou
647 3832 727 3896 fecit,
751 3826 799 3882 sed
839 3834 983 3886 sessionem
1002 3831 1059 3900 ejus
1077 3829 1228 3880 amiserant.
1245 3822 1345 3876 Deinde

291 3915 346 3965 ruis
356 3916 452 3987 opibus
463 3927 490 3969 et
499 3917 608 3968 nomine
618 3915 687 3985 regis
700 3914 798 3979 fretus,
838 3911 989 3968 Antiochus
1001 3911 1152 3964 existimans
1163 3925 1210 3973 ea,
1221 3923 1278 3976 quae
1286 3905 1345 3974 jure

293 3995 369 4064 quasi
392 4013 424 4048 ea
448 3998 510 4049 satis
531 3995 651 4048 valerent
671 3991 798 4046 adversus
839 3991 904 4045 belli
915 3990 1019 4045 Seleuci
1029 3991 1100 4042 facta
1110 3987 1233 4051 fuerant,
1245 4001 1297 4036 sue
1306 3979 1346 4031 di·

212 4065 216 4074 '
293 4073 443 4139 Romanos,
460 4076 516 4127 sine
536 4071 668 4126 Annibale
685 4073 799 4142 ejusque
840 4072 920 4124 tionis
940 4087 1014 4136 csse,
1031 4068 1148 4137 trajectis
1167 4065 1194 4114 in
1212 4063 1345 4132 Europam

294 4152 410 4205 consiliis
422 4153 522 4208 bellum
537 4157 627 4208 movit.
643 4154 697 4206 Cur
709 4163 799 4204 autem
840 4152 942 4221 copiis,
955 4167 1015 4201 eam
1026 4154 1245 4218 recuperaverat,
1259 4153 1285 4192 ct
1297 4141 1347 4212 Ly-

294 4233 384 4303 potius
394 4235 551 4308 suia,quum
559 4232 698 4286 Annibalis
707 4231 797 4282 consi·
840 4229 995 4281 simachiam
1014 4227 1129 4278 dirutam
1146 4227 1336 4276 instauraverat
