3142 4938
567 471 709 534 arnan
734 473 926 537 paruus.
1227 480 1267 564 93

225 613 332 688 quum
347 593 488 662 interim
501 593 673 686 (immane
688 592 783 666 dictu
795 595 823 690 l)
841 593 899 666 hic
913 601 1111 688 interritus,
1129 597 1187 671 ille
1200 617 1270 674 tre-

223 703 378 802 pidaret,
402 723 583 808 tamquam
605 735 731 782 manus
752 715 844 809 regis
867 711 1016 785 arderet.
1042 715 1098 787 Sic
1123 715 1268 813 quidem
1345 785 1347 796 ,
1376 725 1378 732 “

222 824 297 891 viri.
319 820 389 892 Sed
407 827 542 920 nequis
556 848 655 894 sexus
672 848 693 894 a
711 821 817 894 laude
836 841 1003 914 cessaret,
1021 853 1104 898 ecce
1118 845 1154 899 et
1165 833 1268 927 virgi·
1304 854 1318 904 7

221 961 307 1007 num
321 940 439 1008 virtus.
456 938 535 1008 Una
553 962 595 1008 ex
610 934 792 1008 obsidibus
808 941 883 1035 regi
898 937 999 1030 data,
1019 939 1137 1038 elapsa
1154 959 1267 1014 custo·

222 1050 335 1140 diam,
356 1049 498 1141 Cloelia,
518 1078 584 1149 per
603 1055 756 1148 patrium
777 1051 909 1123 llumen
931 1054 1121 1152 equitabat.
1141 1059 1185 1128 Et
1206 1085 1266 1131 rex
1301 1069 1317 1120 8

221 1167 384 1266 quidem,
405 1185 460 1240 tot
475 1171 651 1267 tantisque
668 1171 841 1238 virtutum
859 1174 1000 1242 territus
1016 1179 1195 1265 monstris,
1210 1203 1266 1248 va·

219 1281 308 1374 lere,
320 1281 522 1382 liberosque
535 1309 608 1354 esse
616 1282 728 1380 jussit.
737 1283 921 1381 Tarquinii
933 1284 1069 1356 tamdiu
1081 1285 1265 1363 dimicave-

219 1413 320 1486 runt,
337 1397 452 1470 donec
469 1399 661 1483 Aruntem,
680 1394 792 1468 filium
812 1403 920 1496 regis,
938 1425 1047 1472 manu
1064 1427 1125 1473 sna
1141 1405 1267 1477 Brutus

221 1509 371 1598 occidit,
395 1535 573 1608 superque
599 1513 712 1607 ipsum
739 1525 863 1582 mutuo
887 1510 1033 1586 vulnere
1057 1520 1265 1613 exspiravit;

218 1623 326 1722 plane
340 1629 439 1723 quasi
454 1623 652 1698 adulterum
666 1623 711 1698 ad
726 1625 857 1700 inferos
871 1655 982 1728 usque
998 1648 1215 1729 sequeretur.

216 1819 310 1897 pn'ller
319 1832 344 1872 et
355 1823 430 1874 rostir
438 1840 482 1875 son
497 1821 568 1881 bras,
582 1820 679 1894 iusqu’ei
690 1841 718 1874 ce
759 1821 847 1887 codd,
855 1824 986 1894 vulgatam
998 1825 1059 1878 lect.
1069 1840 1181 1894 tuemur,
1191 1829 1262 1882 arbi-

218 1919 268 1972 que
279 1899 403 1952 l'ennemr‘
413 1921 506 1954 menne
519 1921 550 1954 en
567 1914 649 1973 ayant
661 1903 719 1954 lior-
759 1905 1261 1976 tratiqnisdeduobusrectediciPhaed.

217 1998 285 2047 rear,
299 1981 453 2033 commanda
469 1993 534 2034 oster
549 1981 573 2033 le
592 1983 715 2035 trader..
759 1981 822 2034 Fab.
832 1984 877 2050 lll,
886 1984 925 2049 13,
935 1985 979 2050 14:
992 1986 1135 2056 «Apertum
1144 2001 1193 2053 est,
1205 1990 1263 2060 quis

216 2088 252 2098 -
263 2060 407 2132 Tamquam
422 2079 515 2113 mantes
531 2063 595 2134 repis
609 2065 716 2115 arderet.
762 2079 840 2112 enon
851 2064 952 2132 possit,
963 2077 1008 2114 aut
1020 2065 1077 2135 quis
1087 2065 1211 2116 fecerit.»

216 2138 247 2188 ln
263 2136 317 2191 lraec
330 2140 411 2191 verba
428 2143 503 2211 quasi
519 2143 609 2213 inepta
626 2159 717 2194 omnes
794 2141 819 2192 8.
838 2141 924 2193 Plane
938 2142 1010 2213 quusi
1021 2141 1179 2195 adulterum.
1190 2182 1212 2196 ..
1227 2165 1262 2197 se·

216 2216 378 2270 invehuntur
399 2233 627 2272 commentatores.
647 2222 718 2272 Peri·
757 2229 885 2290 queretur.
896 2221 948 2270 lstn
957 2219 1097 2272 verborum
1107 2223 1261 2276 circuitione

216 2298 308 2348 nonius
319 2299 395 2349 uncis
408 2298 535 2366 includit,
551 2313 580 2350 ut
596 2299 715 2354 delenda.
757 2296 850 2348 Florus
867 2297 1034 2352 subindicare
1046 2297 1160 2366 videtur,
1177 2303 1262 2354 Arun-

216 2373 249 2424 Et
260 2388 331 2426 certe
340 2375 445 2446 quidem
452 2376 527 2430 valde
537 2378 717 2452 frigentfflm.
757 2386 810 2426 tem
823 2377 996 2447 Tarquinium
1012 2377 1139 2430 Lucretia>
1154 2381 1206 2430 rim
1222 2382 1261 2431 in-

217 2456 307 2506 sertim
319 2473 371 2507 vox
380 2458 451 2529 repis.
758 2453 862 2518 tulisse,
871 2472 952 2525 quum
961 2467 1049 2508 tamen
1057 2473 1147 2508 omnes
1154 2457 1261 2510 Sextum

252 2553 277 2605 7.
289 2535 340 2587 Sed
351 2553 384 2587 ne
396 2537 453 2607 quis
464 2554 538 2589 ms
549 2555 566 2588 a
578 2537 656 2589 laude
666 2557 716 2592 σας.
756 2547 860 2584 vocent.
874 2534 1015 2601 Praeterea,
1030 2553 1061 2586 ex
1074 2537 1216 2589 Plutarcho
1232 2540 1260 2590 in

214 2624 287 2665 seret.
298 2614 324 2666 si
333 2615 422 2686 plures
432 2629 519 2668 essent
531 2633 621 2684 sexus,
632 2619 717 2688 inquit
756 2610 855 2682 Poplifl·
871 2631 880 2672 ἱ
902 2615 1083 2687 Dionysioque
1106 2617 1211 2684 Helio,
1235 2633 1261 2670 et

215 2691 373 2761 Salmasius,
389 2693 499 2747 haberet
514 2713 566 2766 quo
583 2713 611 2747 se
625 2695 716 2749 defen.
754 2689 846 2756 Livio,
858 2703 962 2743 constat
973 2691 1042 2744 hano
1057 2695 1129 2745 Bruti
1140 2695 1260 2746 Aruntis·

215 2771 288 2824 deret
297 2772 352 2825 haeo
362 2777 506 2846 scriptura:
517 2774 563 2828 aed
571 2793 652 2846 quum
660 2789 716 2828 tau·
756 2786 807 2838 qm
824 2768 921 2822 wdem
937 2788 994 2822 non
1009 2769 1094 2822 multo
1108 2784 1170 2842 poet
1185 2791 1260 2826 exac-

214 2863 271 2902 tum
281 2850 334 2902 duo
344 2854 448 2920 aint,et
459 2853 492 2904 de
503 2851 570 2904 virili
579 2855 633 2922 jam
645 2852 716 2905 dixe-
756 2861 797 2899 ¹0³
818 2867 909 2918 reges,
933 2863 960 2900 et
983 2861 1125 2920 antequam
1147 2852 1260 2906 Porsena

215 2931 265 2993 rit,
275 2949 369 3000 parum
381 2944 442 3001 apte
453 2949 486 2981 ne
498 2931 643 3003 quissexns.
653 2930 717 2984 lnde
756 2925 851 2976 urbem
874 2925 1023 2992 obsideret,
1041 2928 1177 2980 accidisse.
1198 2932 1260 2982 lltee

217 3005 326 3076 quidam
335 3025 366 3058 ex
374 3007 516 3059 ,lornandis
526 3007 618 3058 codice
629 3007 717 3078 leger-0
757 3001 791 3055 tle
804 3003 914 3055 veritate
928 3001 1069 3054 historica:
1085 3017 1114 3055 ut
1129 3019 1216 3058 aulem
1229 3007 1260 3060 tle

214 3083 359 3138 voluerunt
376 3087 421 3136 sed
437 3104 469 3136 ne
487 3103 559 3138 sexus
577 3086 658 3148 alter‚·
676 3088 719 3140 alii
758 3079 1260 3150 styloloquaruur,ultimamhanesen·

215 3179 306 3216 autem
323 3163 369 3216 sed
383 3181 416 3214 ne
432 3163 497 3235 quid
513 3181 597 3227 sexus,
618 3177 668 3215 erc.
758 3159 878 3223 tentiam,
886 3160 992 3210 minime
999 3177 1061 3211 cum
1068 3162 1169 3214 Graevio
1178 3182 1261 3236 repre-

215 3261 272 3315 quae
284 3243 391 3315 quidem
406 3242 498 3294 ultima
512 3242 593 3294 lectio
604 3245 664 3312 jure
679 3263 719 3296 re.
759 3235 921 3303 hendemus,
935 3241 1011 3311 quasi
1023 3239 1116 3310 frigide
1128 3240 1260 3297 declama-

213 3323 343 3396 prebendi
355 3335 461 3395 potest,
474 3339 556 3394 quum
568 3340 654 3388 sextu,
667 3343 717 3395 pro
760 3320 867 3380 loriam
878 3331 1004 3371 utcontra
1015 3319 1194 3375 laudabimus:
1206 3323 1258 3378 l'toc

213 3401 334 3455 muliebri
344 3419 484 3469 sexu,non
494 3399 548 3452 dici
558 3400 650 3454 solent.
660 3401 715 3457 Nor
757 3415 839 3449 unum
861 3398 1053 3469 concedentes,
1077 3398 1146 3453 illam
1167 3404 1256 3458 forsan

215 3494 320 3545 autem,
332 3498 504 3552 quaecumque
519 3482 643 3550 conjiciat
658 3480 714 3532 Sal·
754 3477 837 3546 magis
853 3491 976 3548 poetam,
994 3497 1073 3550 quam
1086 3478 1255 3550 historicum,

213 3560 328 3624 matius,
340 3560 367 3610 in
380 3577 510 3612 consensu
525 3561 644 3612 omnium
658 3561 714 3622 fere
754 3555 857 3608 decere.
