3108 4956
252 595 315 664 260
575 597 613 662 L.
636 595 797 660 ANNAEI
820 593 968 660 PLORI

251 733 481 813 cer,catenae,
490 717 585 819 iuga,
595 718 766 811 exsilium,
776 717 1068 792 horrificaverant
1075 715 1294 817 dignitatem.

200 871 230 908 ιι
250 839 374 936 ltaque
390 836 436 909 ad
455 863 586 910 nomen
608 841 697 909 tanti
716 839 783 908 viri
801 835 873 908 late
889 839 1130 907 concurritur:
1156 838 1297 908 servitia

251 953 338 1050 (pro
360 951 497 1048 neiasl)
520 967 555 1024 et
575 949 749 1050 ergastula
769 965 971 1040 armentum
992 966 1027 1023 et
1043 949 1148 1022 facile
1164 951 1298 1020 invenit

202 1101 233 1138 n
252 1072 441 1140 exercitum
459 1071 567 1139 miser
583 1071 788 1165 imperator.
813 1068 937 1166 ltaque
954 1069 989 1137 vi
1005 1069 1157 1164 patriam
1174 1089 1298 1162 repos-

251 1209 350 1272 cens,
362 1182 457 1255 unde
470 1187 505 1254 vi
518 1181 634 1255 fiserat
648 1180 826 1281 expulsus,
842 1196 985 1280 poterat
999 1180 1112 1253 videri
1123 1180 1204 1279 jure
1218 1205 1297 1278 age·

237 1322 307 1388 re,
322 1301 388 1368 nisi
400 1323 559 1369 caussam
575 1323 674 1372 suam
688 1299 817 1369 saevitia
833 1299 1057 1393 corrupisset.

300 1411 370 1484 Sed
380 1438 490 1511 quum
502 1411 567 1484 diis
579 1410 852 1511 hominibusque
862 1409 1007 1482 infestus
1018 1409 1167 1499 rediret,
1179 1410 1296 1480 statim

251 1531 369 1627 primo
393 1533 530 1628 impetu
550 1528 658 1601 cliens
678 1545 712 1602 ct
733 1527 875 1601 alumna
894 1527 1000 1600 Urbis
1021 1528 1122 1599 Ostia
1143 1522 1298 1597 nefanda

202 1666 235 1722 rs
252 1659 366 1740 strage
390 1641 573 1742 diripitur:
599 1668 682 1715 mox
705 1646 741 1713 in
764 1641 891 1714 urbem
913 1638 1138 1740 quadruplici
1159 1641 1298 1738 agmine

253 1762 413 1829 intratur.
432 1759 590 1830 Divisere
608 1761 729 1855 copias
748 1759 878 1846 Cinna,
897 1757 1046 1844 Marius,
1068 1753 1202 1842 Carbo,
1220 1754 1299 1826 Ser-

253 1875 374 1941 torius.
400 1873 468 1942 Hic
490 1887 680 1968 postquam
704 1897 829 1942 manus
852 1874 965 1942 omnis
988 1870 1129 1942 Octavii
1150 1865 1297 1965 depulsa

253 1983 415 2059 Janiculo
433 2003 499 2076 est,
516 1991 634 2059 statim
650 1985 696 2059 ad
712 1990 916 2085 principum
931 1983 1065 2057 caedem
1080 1988 1178 2082 signo
1195 1981 1296 2070 dato,

254 2096 433 2198 aliquanto
445 2103 580 2190 saevius,
597 2125 705 2200 quam
719 2116 780 2171 aut
790 2104 827 2171 in
839 2103 985 2190 Punica,
999 2115 1059 2172 aut
1070 2103 1106 2168 in
1118 2095 1298 2170 Cimbrica

204 2238 238 2305 ra
252 2213 358 2304 urbe,
371 2219 520 2287 saevitur.
537 2218 679 2289 Octavii
694 2212 844 2288 consulis
856 2231 965 2314 caput
977 2241 1045 2314 pro
1060 2216 1179 2286 rostris
1192 2237 1300 2310 expo-

252 2334 365 2418 nitur;
377 2333 520 2401 Antonii
532 2329 723 2403 consularis
735 2335 772 2402 in
783 2333 888 2404 Marii
902 2335 1010 2430 ipsius
1023 2333 1172 2402 mensis:
1189 2330 1298 2400 Caesa-

253 2469 308 2516 res
332 2471 353 2516 a
377 2444 534 2518 Fimbria
555 2450 592 2517 in
615 2447 801 2545 penatibus
820 2446 1011 2522 domorum
1031 2471 1175 2518 suarum
1194 2449 1299 2516 truci·

254 2558 401 2650 dantur3
415 2561 546 2649 Crassi,
564 2578 716 2659 pateret
732 2561 841 2654 filius,
860 2567 895 2634 in
912 2578 1036 2634 mutuo
1055 2559 1143 2633 alter
1159 2557 1299 2630 alterius

238 2674 444 2773 adspectu:
472 2673 630 2748 Baebium
657 2694 763 2777 atque
789 2679 1027 2750 Numitorium
1051 2701 1117 2775 per
1140 2671 1300 2746 medium

254 2898 303 2932 cer.
315 2881 511 2935 Minturnensis.
521 2913 557 2924 -
565 2885 645 2958 Fuqa.
656 2886 695 2938 Ex
703 2885 756 2938 hoc
796 2883 936 2938 Alumnsm
948 2897 974 2937 et
985 2881 1112 2936 Clientem
1122 2879 1196 2933 urbis
1204 2878 1299 2932 Florus

253 2977 359 3012 caraem
370 2961 554 3015 Minturnensi.
571 2993 604 3004 -·
615 2965 754 3018 Exsilium.
795 2980 887 3033 vocat,
899 2968 961 3038 qnia
972 2963 1004 3018 ab
1014 2965 1089 3015 Anco
1099 2963 1196 3013 Martio
1207 2971 1301 3033 quarto

254 3041 756 3120 lnAfrica.-Homflcaverautdi9ni·
795 3047 974 3097 Romanorum
995 3061 1055 3114 rege
1073 3039 1180 3093 condita
1196 3041 1254 3092 fuis.
1267 3067 1302 3079 -

254 3129 341 3171 tatem.
356 3121 478 3187 Quantus
492 3123 520 3173 in
534 3123 613 3176 verba
627 3123 670 3176 illa
683 3143 756 3174 com-
797 3124 923 3175 Cimbrica
948 3121 1017 3174 urbe.
1047 3122 1097 3171 Pro
1121 3118 1211 3192 quavis
1235 3115 1301 3168 urbe

254 3213 447 3266 mutatorum,
479 3215 505 3254 et
530 3202 700 3255 Freinshemii
730 3215 756 3256 et
795 3201 998 3272 bostili3nequs
1012 3201 1081 3250 enim
1095 3215 1220 3268 umquem
1232 3197 1301 3247 Cirn-

254 3277 363 3343 Graevii,
389 3278 551 3350 aliorumque
573 3283 699 3351 impetus;
726 3295 756 3333 ut
795 3280 904 3334 brorum
919 3279 1011 3332 urbem
1028 3277 1180 3330 aRomanis
1196 3287 1300 3344 captam

256 3357 372 3428 turgida,
385 3356 584 3426 declamatoria,
598 3358 702 3430 putida!
716 3361 757 3413 De
797 3361 920 3431 reperias.

255 3435 287 3486 iis
308 3453 365 3505 qua
381 3435 415 3486 ad
432 3435 605 3489 eruditionem
621 3450 757 3507 spectant,
837 3439 877 3506 14.
890 3435 1010 3489 Antonii.
1021 3431 1254 3496 Avus'l‘sinmviri,
1271 3449 1302 3484 ex

256 3525 311 3564 tarn
329 3511 436 3563 eruditis
452 3515 513 3564 viris
531 3515 569 3565 irc
587 3514 686 3567 inficias
704 3535 757 3567 non
798 3515 948 3569 Plutarcho.
966 3545 1002 3556 ·-
1020 3516 1126 3566 Caesares
1144 3531 1160 3562 n
1179 3509 1301 3561 dimbn'n.

256 3588 383 3656 audeam,
404 3603 430 3642 at
448 3593 475 3643 in
495 3591 549 3658 his,
566 3611 623 3665 que
640 3591 674 3644 ad
686 3593 759 3665 judi·
799 3598 827 3646 ln
847 3597 962 3666 antiquis
980 3591 1039 3644 edd.
1062 3591 1157 3662 legitur
1177 3589 1260 3641 Coesur
1278 3598 1304 3640 et

256 3671 340 3736 dum,
359 3668 465 3724 liberius
482 3671 642 3725 dissentiam.
666 3673 759 3725 Dicam
799 3675 928 3739 Fimbria,
949 3671 1022 3745 quod
1043 3673 1155 3724 retinere
1175 3685 1232 3720 non
1255 3685 1304 3737 po·

256 3769 319 3822 erqo
334 3771 395 3804 cum
406 3752 482 3804 Anna
494 3753 584 3820 Fabri,
597 3753 676 3805 verba
687 3773 759 3827 egre·
800 3755 863 3820 tuit,
891 3771 971 3826 quum
1000 3761 1102 3803 constet
1124 3749 1304 3800 Marianarum

256 3831 314 3902 gia,
337 3845 363 3884 et
383 3834 526 3903 majestatis
547 3851 661 3904 magna:
684 3835 761 3905 quasi
798 3834 915 3906 partium
939 3832 1020 3883 fuisse
1044 3828 1193 3882 Fimbriam.
1221 3826 1305 3877 Cesa-

257 3907 356 3961 diceret
371 3910 463 3964 Florus
477 3931 623 3980 carcerem,
636 3925 758 3978 catenas,
799 3931 840 3966 res
855 3927 942 3966 autem
956 3909 1098 3982 dequibus
1111 3910 1210 3979 agitur,
1225 3905 1305 3958 Caius

258 3988 362 4058 fuqasn,
374 3987 508 4056 exsilium,
520 3991 595 4042 Marii
606 3989 760 4062 dignitatem
800 4007 825 4045 et
834 3988 1217 4045 uastauerant-Penatibus.
1226 3987 1305 4037 Recte

259 4085 333 4119 sacro
347 4067 462 4138 quodam
475 4067 584 4122 horrore
596 4073 706 4124 auxisse.
799 4082 974 4141 reposuerunt
988 4067 1165 4140 penetralibus
1182 4085 1213 4117 ex
1232 4064 1305 4116 Gru-

297 4163 337 4199 tt.
356 4147 493 4200 Seruitia...
513 4159 538 4200 et
552 4149 689 4222 eryastuia.
709 4151 759 4200 Pro
798 4151 850 4200 vio.
858 4179 894 4190 -
903 4149 991 4202 Grussi.
1003 4149 1043 4199 De
1054 4147 1151 4200 horum
1161 4157 1245 4197 morto
1257 4159 1304 4194 vs-

257 4227 337 4293 serui,
351 4229 464 4299 poetice.
799 4230 868 4280 riaru
892 4229 1041 4299 scriptores.
1069 4223 1134 4278 Vide
1154 4223 1305 4295 Appianum

298 4309 337 4361 13.
352 4307 437 4361 Cliens
448 4317 474 4360 et
481 4307 592 4360 alumna
601 4309 668 4360 urbis
679 4307 759 4359 Ostia.
798 4323 858 4378 paq.
872 4304 933 4375 394.
