3026 4956
464 450 607 520 muna
631 449 953 518 uruomatls.
1168 454 1231 541 393
1288 534 1291 540 ¹

187 600 268 673 rege
290 576 460 674 Tigrane,
486 590 521 646 et
543 571 714 672 plurimas
736 577 877 652 Asiacas
900 591 1031 676 gentes.
1065 576 1137 648 Sub
1163 576 1233 651 hoc

187 692 280 760 cuim
298 688 344 761 ad
363 688 525 760 Indicum
542 691 745 778 Oceanum,
769 706 805 761 et
823 688 983 762 Rubrum
1003 718 1102 764 mare
1121 719 1232 793 usque

167 809 356 902 pervenit.
378 808 447 878 Per
464 807 591 878 Caimn
610 807 784 877 Caesarem
806 803 938 878 Gallias
958 821 993 879 et
1013 809 1231 882 Germanias.

186 921 404 994 Britanniam
419 920 484 993 sub
499 919 569 992 hoc
584 919 675 992 duce
689 946 762 992 uon
778 937 917 992 tantum
929 921 1035 1014 vidit,
1050 925 1235 997 sedetiam

185 1040 364 1136 navigavit
384 1039 581 1111 Oceanum.
602 1038 670 1106 Per
691 1037 868 1108 Caesarem
882 1040 1079 1136 Augustum
1097 1039 1235 1113 Dalma·
1351 1106 1353 1120 .

185 1168 253 1241 tas,
273 1153 487 1240 Pannonios,
503 1148 678 1248 Illyricos,
698 1151 1126 1248 AEgyptios‚Ge1manos,
1145 1156 1235 1227 Can·

185 1263 322 1356 tabros‚
345 1281 532 1364 totumque
555 1263 681 1336 orbem
701 1269 925 1362 perpacavit‚
950 1271 1105 1367 exceptis
1123 1269 1235 1360 Indis,

186 1378 340 1470 Parthis,
365 1384 547 1468 Sarmatis,
569 1377 723 1478 Scythis,
743 1381 862 1470 Dacis,
888 1382 988 1481 quod
1011 1409 1071 1456 eos
1091 1382 1236 1458 fortuna

185 1495 329 1594 Trajaui
343 1498 513 1594 principis
529 1495 718 1596 triumphis
733 1500 934 1568 reservavit.

530 2217 598 2289 DE
624 2216 893 2292 CottlTltS.

236 2468 390 2539 Comitia
410 2464 579 2540 dicuntur
598 2491 621 2536 a
643 2469 816 2539 comitatu
841 2482 876 2539 et
897 2465 1113 2566 frequentia,
1138 2464 1237 2566 quod

185 2583 306 2654 Patres
326 2597 361 2653 et
381 2579 516 2655 Classes
535 2580 581 2654 ad
600 2580 770 2682 suffragia
786 2599 976 2673 vocantur,
999 2580 1235 2656 creandorum

185 2700 455 2794 magistratuum
468 2694 525 2768 vel
536 2696 764 2770 sacerdotum
776 2723 907 2770 sarissa.
924 2699 1162 2769 Comitiorum
1178 2720 1236 2766 au·
1290 2697 1294 2706 '
1344 2695 1346 2706 ⁴

185 2821 260 2877 tem
280 2808 409 2906 triplex
426 2813 518 2881 ratio
542 2827 604 2882 est.
626 2813 714 2883 Haec
730 2815 881 2900 curiata,
901 2809 976 2882 haec
991 2808 1140 2898 tributa,
1162 2805 1237 2879 haec

188 2927 385 3006 centuriata
402 2919 585 3012 dicuntur,
605 2929 690 3022 quia
710 2923 785 2996 haec
805 2951 870 3022 per
889 2929 1019 3013 curias,
1040 2940 1075 2996 ct
1090 2949 1158 3021 per
1177 2927 1239 2994 tri·

187 3032 270 3123 bus,
291 3049 326 3134 et
342 3060 408 3134 per
424 3041 598 3108 centurias
613 3036 846 3135 explicantur.
867 3041 902 3109 Si
917 3036 1164 3110 translatitium
1179 3040 1238 3126 sit,

188 3167 224 3222 et
246 3149 405 3241 solitum,
431 3150 476 3223 dc
501 3177 572 3250 quo
595 3150 766 3250 populus,
792 3156 935 3225 curiatis
960 3156 1173 3251 transigitur.
1202 3153 1238 3223 Si

189 3265 355 3364 amplius,
380 3264 533 3339 tributis.
560 3269 596 3338 Si
620 3271 656 3338 in
679 3293 818 3339 summo
841 3268 1044 3341 discrimine
1069 3283 1135 3356 est,
1162 3282 1238 3338 tum

187 3453 415 3526 lll‚5,2t‚post
426 3455 610 3508 Mithridatem
621 3457 692 3507 exci-
736 3458 821 3508 «item
840 3455 935 3510 Cilicas
958 3459 1090 3529 piratas.»
1115 3455 1238 3508 Heinsius

188 3530 259 3584 disse
275 3533 393 3605 quaedam
409 3547 500 3607 putat,
518 3554 602 3607 eaque
620 3535 691 3587 hunc
730 3552 779 3606 per
795 3537 951 3607 Pompeium
968 3545 1096 3606 posucrat
1114 3545 1177 3603 post
1197 3532 1239 3585 Ti-

186 3614 213 3662 iu
223 3612 330 3664 modum
339 3613 452 3685 supplet.
464 3616 691 3687 =PerPompeiuru
730 3633 825 3689 pratum
848 3615 919 3687 quod
938 3614 1004 3668 mihi
1022 3613 1115 3666 melius
1136 3613 1240 3666 videtur

191 3694 275 3744 «item
288 3691 394 3744 cosdem
411 3696 535 3747 Ponticos
550 3707 576 3746 et
587 3694 690 3747 Mithri·
732 3695 784 3766 legi
804 3697 830 3746 in
852 3697 939 3766 capite
960 3693 1072 3766 periodi.
1095 3691 1167 3744 Idem
1188 3711 1239 3764 pro

192 3793 203 3815 ι
213 3769 315 3836 datam,
326 3773 388 3822 item
398 3771 492 3824 Cilicas
500 3775 607 3844 piratas.
618 3797 629 3820 ιι
640 3773 693 3826 No·
733 3775 838 3830 Asiaene
850 3775 955 3845 legebat
969 3774 1105 3826 Asiaticas.
1123 3773 1162 3824 lta
1176 3791 1240 3826 saue

189 3868 249 3901 men
261 3850 383 3921 Pompeii
392 3849 535 3903 desiderari
545 3871 576 3903 ex
588 3854 644 3923 ipsa
653 3873 692 3920 re,
732 3855 881 3927 loquuntur
894 3851 1003 3926 probati
1017 3853 1172 3923 Scriptores.
1188 3852 1240 3906 Sed

188 3943 215 3981 et
227 3931 273 3996 iis,
284 3949 342 4002 quaa
354 3949 427 4003 supr.
441 3951 466 3984 c.
480 3933 565 3984 xvttt
577 3933 693 3986 scribon·
733 3947 822 3988 mmeu
839 3935 876 3984 sic
893 3951 1002 4005 quoque
1020 3949 1091 4004 supr.
1109 3950 1132 3982 c.
1146 3931 1237 3984 XVIII.

187 4025 245 4078 tur,
257 4014 425 4065 manifestum
438 4027 486 4068 cst.
498 4013 550 4068 Sed
561 4028 628 4085 puto
638 4017 694 4067 suf·
733 4015 767 4065 Et
786 4013 906 4064 fortassis
926 4025 1056 4085 putarunt
1074 4009 1181 4082 quidam
1201 4013 1239 4066 sic

187 4088 281 4157 licere,
302 4091 338 4158 si,
360 4109 416 4162 quae
438 4091 547 4153 desunt,
569 4095 604 4144 ita
629 4113 693 4167 sup·
734 4111 814 4165 posse
824 4091 888 4156 dici,
903 4105 931 4143 ut
941 4091 974 4145 ab
984 4089 1065 4144 Adria
1072 4089 1240 4157 ‚Adriaticus

190 4169 324 4238 pluuntur:
334 4194 345 4216 ι
353 4171 402 4223 Per
409 4173 564 4245 Pompeium
572 4171 692 4236 eosdem
737 4187 762 4224 et
774 4171 910 4224 Adriacas.
