3108 4956
275 398 339 466 aaa
614 399 750 463 nucu
772 400 978 464 ananau
1032 381 1038 388 '

274 521 470 620 proiectus,
492 545 628 619 magna·
640 537 741 620 parte
758 520 916 594 militum
935 549 1002 620 per
1022 521 1153 596 famem
1166 527 1318 612 amissa,

274 640 402 708 invitus
416 634 532 709 rediit.
555 634 690 708 Urbem
710 651 831 708 tamen
849 636 899 708 ibi
923 636 1085 710 condidit
1102 640 1263 711 Meroen.
1287 641 1321 708 ls

275 755 359 852 quia
367 753 463 850 Apin
471 775 610 824 sacmm
621 750 752 824 bovem
762 742 913 824 interfici
922 749 1089 854 jusserat,
1104 758 1157 826 ira
1171 752 1322 826 deorum

276 893 319 940 ex
330 893 423 966 equo
438 893 596 967 praeceps
607 893 714 966 super
725 865 884 966 gladium
896 895 999 942 suum
1012 873 1099 958 ruit,
1117 873 1323 942 exstinctus-

274 1010 344 1084 que
355 999 416 1058 est.
430 986 557 1056 Darius
571 1009 648 1075 rex,
663 1009 752 1054 unus
764 1009 804 1054 cx
815 999 952 1082 septem
965 989 1077 1058 Persis
1089 981 1228 1056 hinnitu
1241 987 1323 1083 equi

272 1127 424 1200 regnum
446 1099 647 1188 adsecutus,
674 1125 757 1172 cum
781 1101 938 1172 CCLXX
960 1099 1116 1173 millibus
1139 1103 1322 1198 Europam

275 1219 446 1288 transivit.
456 1212 1098 1289 Victusabathenienstbus²ducenta
1107 1213 1218 1304 millia
1227 1213 1325 1312 apud

277 1329 627 1402 Pseudomaratbona
644 1329 802 1408 decessit.
826 1331 974 1420 Xerxes,
995 1331 1094 1402 Darii
1112 1328 1218 1420 filius,
1243 1355 1324 1402 cum

276 1449 475 1516 recessisset
488 1460 591 1542 pater
605 1443 694 1544 ejus,
710 1443 897 1543 aliquantis
913 1443 1061 1517 navibus
1076 1449 1218 1517 armatis
1233 1442 1327 1516 mili-

275 1557 371 1633 tibus
380 1563 417 1634 in
428 1563 608 1658 Europam
621 1562 791 1632 transivit.
806 1558 1065 1644 ³Contabulato
1079 1557 1324 1658 Hellesponto,

279 1691 315 1746 et
331 1671 449 1747 forato
465 1674 560 1746 Atho
580 1693 719 1765 monte,
738 1675 982 1775 nequidquam
998 1674 1092 1748 aliud
1111 1679 1197 1774 egit,
1218 1700 1327 1775 quam

277 1806 319 1861 ut
333 1787 489 1861 Athenas
506 1790 679 1862 incideret
694 1795 795 1862 mari.
818 1793 942 1864 Victus
959 1817 979 1863 a
997 1789 1275 1863 Lacedaemoniis
1292 1805 1329 1860 et

279 1901 566 1995 Atheniensibus,
584 1909 621 1978 in
637 1907 756 1982 Asiam
769 1903 890 1996 rediit,
907 1904 1027 2014 ibique
1044 1930 1188 1986 suorum
1202 1901 1327 1980 fraude

278 2019 484 2107 interfectus
499 2039 561 2102 cst.
900 2033 904 2040 “

280 2299 818 2324 mmmmmvwwv
823 2287 1330 2322 mmmmmmvuu

735 2489 855 2578 xtv'.
975 2487 980 2500 ⁵

283 2767 454 2842 DUCES
480 2771 548 2841 ET
572 2771 748 2842 REGES
774 2768 1330 2844 LACEDAEMONIORUM.

330 3031 543 3128 Eurystenes
555 3045 592 3104 et
604 3029 745 3104 Procles
755 3034 903 3130 gemini,
917 3035 976 3131 qui
990 3054 1100 3129 genus
1112 3027 1157 3101 ab
1171 3025 1335 3099 Heracli-

283 3142 337 3220 dis
352 3142 567 3262 deducentes
587 3157 594 3186 ¹
606 3150 745 3244 primis,
763 3161 865 3245 parte
879 3169 988 3244 regna
1002 3159 1249 3244 regnaverunt.
1263 3145 1336 3240 Ly-

320 3349 345 3384 a.
356 3333 477 3394 Ducanta
486 3333 582 3396 millia.
593 3335 711 3392 Ducente
719 3334 787 3388 Mil·
831 3333 998 3406 «quidquam
1019 3332 1093 3388 alind
1112 3333 1182 3402 egit,
1205 3349 1285 3403 quan
1304 3343 1336 3382 ut

283 3408 361 3460 liade.
386 3411 500 3470 Periion.
530 3413 571 3468 De
599 3413 789 3466 Pseudomnra-
831 3410 1335 3466 «Athenaaincenderet.Mariamme.-

284 3487 532 3543 uronenihitscios
817 3501 819 3506 '
863 3492 923 3545 Car.
934 3489 1205 3556 x1V.—1.Pn·ma‚
1216 3499 1336 3561 partera-

319 3565 343 3619 3.
361 3565 543 3622 Conubulntc.
559 3561 626 3622 'Puto
641 3569 788 3626 tollendam
826 3589 881 3644 qna
893 3580 1073 3643 aequarentur.
1086 3567 1174 3620 Primi
1184 3568 1285 3640 Sparte
1294 3583 1334 3618 m·

284 3667 341 3702 ease
358 3647 571 3716 distinctionem,
591 3669 649 3721 quaa
668 3663 708 3704 eat
727 3665 788 3705 ante
826 3661 981 3724 gestaverunt.
999 3649 1131 3700 Meursiua
1146 3646 1179 3698 de
1191 3665 1274 3717 regno
1285 3647 1335 3697 La·

282 3725 354 3780 hanc
366 3747 471 3794 vocem,
485 3725 660 3800 erlegaudum
676 3753 688 3777 a
697 3731 724 3782 in
736 3731 788 3782 En·
829 3727 973 3782 cedemon.
987 3746 1010 3780 c.
1025 3729 1061 3779 lx
1075 3739 1101 3779 et
1114 3727 1230 3778 Perizou.
1247 3725 1337 3796 Eury·

286 3825 403 3878 eropum
437 3810 576 3875 transivit,
615 3807 788 3862 contabulato
829 3808 929 3862 sthenes
940 3826 1001 3860 cum
1011 3809 1191 3882 adspiratione
1204 3807 1282 3858 scribi
1291 3823 1337 3858 nc·

287 3885 497 3959 aliellcsponto‚
507 3889 790 3943 etloratoathomon·
830 3891 928 3944 minem
943 3890 1020 3960 fugit.
1040 3887 1083 3943 sie
1100 3907 1161 3940 mox
1176 3888 1337 3961 tropheum,

287 3977 366 4018 «tea
381 3967 528 4024 Perlzonius
543 3989 666 4043 quoquc,
679 3970 790 4022 distinc·
831 3984 858 4024 et
881 3969 933 4024 alia
953 3969 1107 4042 hujusmodi
1119 3981 1217 4034 ,contra
1238 3955 1336 4022 rectalu

284 4047 358 4098 tione
374 4050 491 4101 maxima*
505 4063 566 4121 post
582 4061 670 4102 monte
687 4052 788 4122 posita,
830 4053 960 4104 rationem
982 4047 1131 4112 scribendi,
1151 4067 1209 4120 qua
1228 4048 1262 4104 ab
1278 4051 1337 4120 ipso

217 4157 220 4164 ι
285 4127 423 4200 sequentia
442 4128 478 4179 ita
496 4131 688 4182 constituerat:
714 4129 791 4183 «Nec
830 4131 946 4184 Auctore
958 4130 1258 4202 proficiscipotuerunt.
