3108 4956
520 546 665 610 crana
687 545 927 628 Quaarus.
1183 547 1244 613 323

246 676 339 772 Mysi
350 695 459 771 quam
470 668 553 760 feri,
564 695 673 769 quam
682 685 799 740 truces
808 667 955 757 fuerint,
969 694 1077 770 quam
1087 675 1247 769 ipsorum
1268 694 1298 745 13

199 794 304 862 etiarn
323 785 467 859 barbari
485 784 739 875 barbarorum,
761 781 935 855 horribile
952 783 1050 857 dictu
1070 801 1132 858 est.
1149 789 1248 860 Unus
1269 809 1300 875 14

198 903 348 994 ducum,
366 919 448 974 ante
462 907 592 990 aciem,
611 898 790 999 postulato
805 896 963 970 silentio:
982 933 995 965 ιι
1009 903 1082 993 Qui
1098 927 1177 993 vos,
1197 909 1250 975 in·

203 1055 217 1084 α
231 1024 324 1119 quit,
349 1017 449 1093 estis?
462 1051 476 1083 n
498 1021 721 1116 Responsum
741 1018 913 1087 invicem:
939 1017 1140 1108 «Romani,
1163 1045 1251 1119 gen-

203 1139 321 1206 utium
335 1133 483 1205 domini.
498 1165 513 1198 n
529 1135 576 1204 Et
586 1128 653 1220 illi,
676 1131 773 1218 ulta,
786 1133 966 1229 inquiunt,
984 1130 1062 1221 fiet,
1075 1136 1103 1204 si
1114 1158 1179 1206 nos
1196 1137 1251 1206 vi-

203 1252 360 1322 «ceritis.
379 1281 394 1312 η
412 1247 562 1344 Accepit
578 1268 685 1316 omen
703 1243 847 1314 Marcus
865 1244 1021 1316 Crassus.
1038 1243 1094 1317 llli
1114 1250 1249 1337 statim,
1270 1265 1301 1319 ι5

200 1381 282 1439 ante
294 1368 409 1438 aciem
420 1359 606 1435 immolato
617 1384 728 1457 equo,
739 1383 937 1457 concepere
947 1375 1088 1451 votum,
1108 1391 1122 1424 a
1136 1377 1176 1434 ut
1188 1388 1251 1434 cae·

205 1507 355 1555 «sorum
366 1482 453 1551 extis
463 1477 596 1550 ducum
608 1491 644 1547 et
653 1474 811 1566 litarent,
824 1491 861 1547 et
873 1491 1110 1549 vescerentur.
1125 1511 1139 1544 n
1156 1479 1251 1552 Deos

200 1594 340 1668 audisse
359 1590 596 1664 crediderim:
620 1615 686 1662 nec
707 1587 833 1662 tubam
853 1593 1023 1662 sustinere
1046 1607 1249 1690 potuerunt.

201 1713 283 1784 Non
295 1713 482 1782 minimum
493 1708 639 1778 terroris
654 1707 797 1776 incussit
808 1703 968 1778 barbaris
982 1707 1158 1779 Domitius
1172 1733 1252 1780 cen·
1271 1744 1304 1796 ,⁶

201 1830 312 1916 turio,
325 1828 406 1897 satis
418 1820 596 1911 barbarae,
609 1817 763 1892 efficacis
775 1835 896 1891 tamen
908 1819 1005 1919 apud
1018 1843 1122 1919 pares
1137 1819 1252 1895 homi·

202 1967 264 2014 nes
282 1937 496 2029 stoliditatis,
521 1940 583 2037 qui
605 1933 764 2007 loculum
787 1961 911 2034 gerens
934 1961 1041 2035 super
1063 1937 1251 2028 cassidem,

202 2060 403 2129 suscitatam
422 2070 524 2128 motu
539 2035 903 2150 corporis'llammam
919 2049 1018 2122 velut
1037 2051 1176 2125 ardenti
1197 2078 1253 2126 ca·

201 2177 276 2272 pite
290 2171 476 2263 fundebat.

251 2288 343 2360 Ante
354 2286 421 2360 hos
437 2286 621 2361 Thracum
630 2291 784 2361 maxima
795 2285 950 2388 populus
967 2287 1174 2362 desciverat.
1189 2285 1253 2361 Ille
1275 2334 1304 2388 ¹7

203 2402 377 2477 barbarus
385 2409 532 2504 etsignis
539 2403 811 2496 militaribus,et
819 2404 1138 2504 disciplina,armis
1146 2410 1254 2478 etiam

202 2521 373 2594 Romanis
392 2537 607 2610 assueverat3
624 2519 688 2593 sed
706 2546 728 2591 a
746 2523 872 2593 Pisone
888 2520 1098 2620 perdomiti,
1119 2525 1156 2593 in
1177 2526 1255 2621 ipsa

204 2641 408 2734 captivitate
424 2636 563 2710 rabiem
579 2636 766 2727 ostendere
783 2663 790 2708 :
811 2640 964 2738 quippe,
983 2657 1096 2738 quum
1113 2652 1255 2709 catenas
1363 2731 1367 2742 θ

204 2749 382 2822 morsibus
394 2767 590 2840 tentarent,
603 2752 784 2824 feritatem
799 2776 900 2822 suam
915 2755 983 2849 ipsi
997 2748 1204 2848 puniebant.

253 2865 342 2936 Daci
360 2864 541 2937 montibus
559 2863 751 2939 inhaerent:
772 2867 949 2937 Cotisonis
971 2869 1063 2964 regis
1083 2867 1255 2963 imperio,
1276 2900 1308 2954 ,3

245 3008 286 3061 13.
296 3009 404 3063 Barbmi
413 3011 587 3064 barbarorum.
596 3011 710 3077 Scilicet,
751 3027 822 3074 esse,
836 3009 932 3080 quibus
943 3008 1159 3075 ostenderentur,
1171 3021 1198 3060 et
1206 3027 1255 3080 pro

207 3087 313 3140 barbari
331 3091 411 3141 stiam
429 3091 498 3143 inter
515 3088 661 3158 barbaros,
681 3101 712 3142 nt
752 3101 781 3140 nt
793 3103 902 3160 quasque
918 3102 1028 3160 accepta
1043 3101 1143 3154 essent,
1161 3091 1196 3140 ita
1211 3108 1257 3142 va-

206 3183 288 3240 sapra
302 3169 339 3234 ll,
355 3168 388 3236 6,
404 3168 454 3223 35:
474 3192 485 3218 ι
499 3171 563 3222 Urbs
573 3170 708 3220 urbium.-
751 3167 815 3221 lere.
826 3171 919 3242 Itaque
931 3168 1027 3221 horum
1037 3169 1257 3239 significationem

245 3250 285 3316 'l-
305 3250 531 3304 mameranus.
544 3251 651 3302 Marcus
667 3249 712 3300 Ii·
751 3267 820 3320 saepe
837 3264 914 3302 verso
932 3249 966 3300 ad
982 3247 1077 3302 melius
1093 3251 1181 3301 ondne
1200 3249 1258 3302 elu-

206 3327 292 3379 einius
303 3327 415 3382 Crassus
425 3329 472 3400 qui
483 3327 579 3382 consul
587 3329 639 3380 fnit
649 3345 711 3382 cum
751 3326 849 3381 debant
863 3325 936 3400 quod
949 3325 983 3380 de
997 3327 1068 3380 Iulio
1081 3328 1184 3380 Cesare
1196 3329 1257 3382 scri-

207 3403 309 3458 (ἔπειτα
320 3407 467 3462 Octaviano
479 3409 523 3460 IV.
750 3405 791 3460 bit
802 3407 959 3470 Suetonium
969 3407 1063 3460 Cesar.
1074 3407 1140 3460 LIX.

246 3485 287 3538 15.
306 3483 414 3557 Accepit
423 3504 508 3542 omen.
527 3484 653 3540 Formnla
669 3506 713 3540 so-
791 3501 831 3556 17.
850 3486 921 3538 Ante
935 3485 981 3537 Isos
995 3485 1126 3537 Thracum
1144 3485 1258 3537 mammo

206 3561 292 3616 lentus
301 3562 410 3616 inbono
419 3567 516 3619 omine.
526 3567 590 3637 Ejus
597 3565 712 3618 reihand
750 3562 867 3640 populus
881 3565 1027 3618 desciverat.
1047 3565 1134 3618 Locus
1149 3565 1258 3618 concla-

207 3644 337 3696 rationem
350 3641 435 3696 reddit
447 3645 564 3700 Turneb.
579 3643 711 3699 adversar.
752 3659 857 3712 matus,
871 3658 897 3700 et
909 3645 976 3700 adeo
988 3659 1145 3718 corruptus,
1160 3658 1192 3698 nt
1202 3647 1259 3698 sine

207 3723 241 3792 V,
250 3740 276 3794 7,
287 3720 413 3794 quod,ut
421 3725 611 3795 angurIaultro
622 3723 713 3778 oblata
754 3743 805 3798 ope
819 3725 929 3778 aliorum
950 3745 1029 3797 quam
1050 3727 1097 3797 qui
1112 3725 1201 3778 adhuc
1217 3727 1259 3777 in-

208 3805 236 3855 in
253 3814 385 3875 potestate
400 3821 494 3855 eorum
511 3818 599 3872 erant,
616 3804 713 3876 quibus
754 3807 838 3878 specti
849 3818 911 3858 sunt
922 3804 1059 3870 codicum,
1071 3807 1178 3859 sanitati
1186 3807 1261 3857 resti·

208 3882 406 3950 offerebantur,
420 3901 504 3955 eaque
516 3901 661 3953 agnoscere
673 3881 714 3935 vel
754 3889 794 3938 tui
809 3905 865 3938 non
881 3898 970 3957 queat.
986 3885 1102 3936 Graevius
1113 3883 1261 3937 rescriben-

207 3979 264 4016 non
282 3980 427 4034 agnoscere
448 3961 560 4025 licebat;
581 3964 618 4014 ita
636 3964 715 4014 etiam
755 3964 818 4015 dum
847 3963 989 4031 censebat,
1017 3962 1101 4029 Bessi,
1128 3962 1260 4016 Thracum

209 4043 313 4110 omina,
329 4060 388 4114 quse
401 4041 524 4113 tinguite
539 4053 640 4108 essent,
654 4041 716 4093 nul-
755 4043 884 4096 maximus
892 4041 1006 4116 populus
1014 4042 1160 4096 desciverat.
1170 4073 1205 4084 -
1215 4043 1261 4094 Pi-

209 4119 262 4174 Iam
274 4123 326 4176 vina
339 4119 484 4173 habebant.
496 4121 563 4173 Item
576 4119 611 4174 de
625 4133 715 4173 osten·
754 4142 824 4177 sone.
834 4123 918 4176 Lucio
932 4125 1035 4177 Pisone.

210 4201 243 4252 tis
252 4199 343 4254 scribit
351 4199 451 4254 Plinius
463 4201 529 4253 llist.
542 4201 604 4252 ilat.
617 4199 715 4266 XVIII,
792 4205 832 4258 18.
847 4204 978 4257 coeman
988 4205 1161 4258 IIuneDacioe
1170 4221 1260 4274 regem

213 4297 243 4349 a,
253 4279 350 4336 bonam
359 4284 429 4336 vires
438 4283 465 4334 in
476 4295 610 4355 potestate
622 4299 713 4336 eornm
753 4283 818 4336 lecit
825 4284 933 4350 Noster,
942 4285 1083 4336 Horatium
1093 4295 1199 4336 secutus
1206 4278 1258 4334 od.
