<?xml version="1.0" encoding="UTF-8"?>
<!DOCTYPE html PUBLIC "-//W3C//DTD XHTML 1.0 Transitional//EN"
    "http://www.w3.org/TR/xhtml1/DTD/xhtml1-transitional.dtd">
<html xmlns="http://www.w3.org/1999/xhtml" xml:lang="en" lang="en">
 <head>
  <title>
</title>
<meta http-equiv="Content-Type" content="text/html;charset=utf-8" />
  <meta name='ocr-system' content='tesseract 3.04.00' />
  <meta name='ocr-capabilities' content='ocr_page ocr_carea ocr_par ocr_line ocrx_word'/>
</head>
<body>
  <div class='ocr_page' id='page_1' title='image "./luciiannaeiflor00lemagoog_0245.png"; bbox 0 0 3156 4950; ppageno 0'>
   <div class='ocr_carea' id='block_1_1' title="bbox 0 0 4 779">
    <p class='ocr_par' dir='ltr' id='par_1_1' title="bbox 0 0 4 779">
     <span class='ocr_line' id='line_1_1' title="bbox 0 0 4 779; baseline 0 0"><span class='ocrx_word' id='word_1_1' title='bbox 0 0 4 779; x_wconf 95' lang='lat' dir='ltr'> </span> 
     </span>
    </p>
   </div>
   <div class='ocr_carea' id='block_1_2' title="bbox 305 539 1019 608">
    <p class='ocr_par' dir='ltr' id='par_1_2' title="bbox 305 539 1019 608">
     <span class='ocr_line' id='line_1_2' title="bbox 305 539 1019 608; baseline -0.006 -2"><span class='ocrx_word' id='word_1_2' title='bbox 305 543 369 608; x_wconf 71' lang='lat'>230</span> <span class='ocrx_word' id='word_1_3' title='bbox 630 541 667 606; x_wconf 93' lang='lat' dir='ltr'>L.</span> <span class='ocrx_word' id='word_1_4' title='bbox 690 541 850 606; x_wconf 81' lang='lat' dir='ltr'>ANNAEI</span> <span class='ocrx_word' id='word_1_5' title='bbox 875 539 1019 606; x_wconf 74' lang='lat' dir='ltr'><strong>FLOR}</strong></span> 
     </span>
    </p>
   </div>
   <div class='ocr_carea' id='block_1_3' title="bbox 220 663 1351 1228">
    <p class='ocr_par' dir='ltr' id='par_1_3' title="bbox 220 663 1351 1228">
     <span class='ocr_line' id='line_1_3' title="bbox 304 663 1349 766; baseline 0 -28"><span class='ocrx_word' id='word_1_6' title='bbox 304 683 360 740; x_wconf 87' lang='lat' dir='ltr'>tra</span> <span class='ocrx_word' id='word_1_7' title='bbox 367 664 552 756; x_wconf 82' lang='lat' dir='ltr'>viderunt,</span> <span class='ocrx_word' id='word_1_8' title='bbox 564 664 709 766; x_wconf 84' lang='lat' dir='ltr'>abjectis</span> <span class='ocrx_word' id='word_1_9' title='bbox 721 670 839 738; x_wconf 86' lang='lat' dir='ltr'>statim</span> <span class='ocrx_word' id='word_1_10' title='bbox 851 664 929 739; x_wconf 87' lang='lat' dir='ltr'>telis</span> <span class='ocrx_word' id='word_1_11' title='bbox 941 671 1137 765; x_wconf 86' lang='lat' dir='ltr'>remisque,</span> <span class='ocrx_word' id='word_1_12' title='bbox 1149 663 1275 765; x_wconf 87' lang='lat' dir='ltr'>plausu</span> <span class='ocrx_word' id='word_1_13' title='bbox 1285 688 1349 738; x_wconf 89' lang='lat' dir='ltr'>un·</span> 
     </span>
     <span class='ocr_line' id='line_1_4' title="bbox 305 778 1350 881; baseline 0.001 -29"><span class='ocrx_word' id='word_1_14' title='bbox 305 780 414 880; x_wconf 90' lang='lat' dir='ltr'><strong>dique</strong></span> <span class='ocrx_word' id='word_1_15' title='bbox 426 785 520 879; x_wconf 86' lang='lat' dir='ltr'>pari,</span> <span class='ocrx_word' id='word_1_16' title='bbox 530 779 628 881; x_wconf 89' lang='lat' dir='ltr'>quod</span> <span class='ocrx_word' id='word_1_17' title='bbox 639 778 915 880; x_wconf 84' lang='lat' dir='ltr'>supplicantium</span> <span class='ocrx_word' id='word_1_18' title='bbox 925 785 1064 880; x_wconf 78' lang='lat' dir='ltr'>signum</span> <span class='ocrx_word' id='word_1_19' title='bbox 1075 780 1158 871; x_wconf 79' lang='lat' dir='ltr'>fuit,</span> <span class='ocrx_word' id='word_1_20' title='bbox 1171 785 1280 854; x_wconf 87' lang='lat' dir='ltr'>vitam</span> <span class='ocrx_word' id='word_1_21' title='bbox 1289 807 1350 879; x_wconf 89' lang='lat' dir='ltr'>pe·</span> 
     </span>
     <span class='ocr_line' id='line_1_5' title="bbox 258 895 1350 995; baseline 0.004 -30"><span class='ocrx_word' id='word_1_22' title='bbox 258 915 290 982; x_wconf 72' lang='lat' dir='ltr'>rs</span> <span class='ocrx_word' id='word_1_23' title='bbox 305 901 470 970; x_wconf 82' lang='lat' dir='ltr'>tivemnt.</span> <span class='ocrx_word' id='word_1_24' title='bbox 481 897 562 968; x_wconf 90' lang='lat' dir='ltr'>Non</span> <span class='ocrx_word' id='word_1_25' title='bbox 574 895 658 970; x_wconf 83' lang='lat' dir='ltr'>alias</span> <span class='ocrx_word' id='word_1_26' title='bbox 671 911 746 968; x_wconf 88' lang='lat' dir='ltr'>tam</span> <span class='ocrx_word' id='word_1_27' title='bbox 757 900 941 970; x_wconf 87' lang='lat' dir='ltr'>incruenta</span> <span class='ocrx_word' id='word_1_28' title='bbox 950 901 1099 970; x_wconf 86' lang='lat' dir='ltr'>victoria</span> <span class='ocrx_word' id='word_1_29' title='bbox 1113 901 1167 970; x_wconf 89' lang='lat' dir='ltr'>usi</span> <span class='ocrx_word' id='word_1_30' title='bbox 1178 921 1350 995; x_wconf 85' lang='lat' dir='ltr'>umquam</span> 
     </span>
     <span class='ocr_line' id='line_1_6' title="bbox 220 1010 1350 1113; baseline 0 -29"><span class='ocrx_word' id='word_1_31' title='bbox 220 1084 221 1093; x_wconf 66' lang='grc'>,</span> <span class='ocrx_word' id='word_1_32' title='bbox 305 1039 440 1085; x_wconf 86' lang='lat' dir='ltr'>sumus:</span> <span class='ocrx_word' id='word_1_33' title='bbox 461 1011 524 1084; x_wconf 87' lang='lat' dir='ltr'>sed</span> <span class='ocrx_word' id='word_1_34' title='bbox 537 1037 603 1084; x_wconf 88' lang='lat' dir='ltr'>nec</span> <span class='ocrx_word' id='word_1_35' title='bbox 620 1011 762 1084; x_wconf 87' lang='lat' dir='ltr'>fidelior</span> <span class='ocrx_word' id='word_1_36' title='bbox 775 1017 812 1084; x_wconf 88' lang='lat' dir='ltr'>in</span> <span class='ocrx_word' id='word_1_37' title='bbox 828 1028 1011 1111; x_wconf 88' lang='lat' dir='ltr'>posterum</span> <span class='ocrx_word' id='word_1_38' title='bbox 1025 1029 1168 1111; x_wconf 86' lang='lat' dir='ltr'>reperta</span> <span class='ocrx_word' id='word_1_39' title='bbox 1182 1039 1267 1113; x_wconf 77' lang='lat' dir='ltr'>gens</span> <span class='ocrx_word' id='word_1_40' title='bbox 1278 1010 1350 1085; x_wconf 85' lang='lat' dir='ltr'>ulla</span> 
     </span>
     <span class='ocr_line' id='line_1_7' title="bbox 307 1127 1351 1228; baseline 0 -28"><span class='ocrx_word' id='word_1_41' title='bbox 307 1144 368 1200; x_wconf 87' lang='lat' dir='ltr'>est.</span> <span class='ocrx_word' id='word_1_42' title='bbox 392 1127 505 1228; x_wconf 89' lang='lat' dir='ltr'>quue</span> <span class='ocrx_word' id='word_1_43' title='bbox 525 1145 757 1228; x_wconf 88' lang='lat' dir='ltr'>prospectum</span> <span class='ocrx_word' id='word_1_44' title='bbox 779 1127 946 1227; x_wconf 76' lang='lat' dir='ltr'>singulari</span> <span class='ocrx_word' id='word_1_45' title='bbox 969 1127 1116 1202; x_wconf 90' lang='lat' dir='ltr'>consilio</span> <span class='ocrx_word' id='word_1_46' title='bbox 1141 1128 1262 1219; x_wconf 86' lang='lat' dir='ltr'>ducis,</span> <span class='ocrx_word' id='word_1_47' title='bbox 1289 1132 1351 1226; x_wconf 90' lang='lat' dir='ltr'>qui</span> 
     </span>
    </p>
   </div>
   <div class='ocr_carea' id='block_1_4' title="bbox 257 1243 1353 2124">
    <p class='ocr_par' dir='ltr' id='par_1_4' title="bbox 305 1243 1351 1572">
     <span class='ocr_line' id='line_1_8' title="bbox 305 1243 1351 1344; baseline -0.002 -28"><span class='ocrx_word' id='word_1_48' title='bbox 305 1247 523 1316; x_wconf 85' lang='lat' dir='ltr'>maritimum</span> <span class='ocrx_word' id='word_1_49' title='bbox 535 1270 644 1343; x_wconf 75' lang='lat' dir='ltr'>genus</span> <span class='ocrx_word' id='word_1_50' title='bbox 654 1270 675 1316; x_wconf 88' lang='lat' dir='ltr'>a</span> <span class='ocrx_word' id='word_1_51' title='bbox 685 1261 878 1344; x_wconf 88' lang='lat' dir='ltr'>conspectu</span> <span class='ocrx_word' id='word_1_52' title='bbox 889 1243 995 1344; x_wconf 77' lang='lat' dir='ltr'>longe</span> <span class='ocrx_word' id='word_1_53' title='bbox 1009 1248 1162 1318; x_wconf 91' lang='lat' dir='ltr'>removit</span> <span class='ocrx_word' id='word_1_54' title='bbox 1175 1247 1301 1333; x_wconf 86' lang='lat' dir='ltr'>maris,</span> <span class='ocrx_word' id='word_1_55' title='bbox 1316 1257 1351 1315; x_wconf 88' lang='lat' dir='ltr'>et</span> 
     </span>
     <span class='ocr_line' id='line_1_9' title="bbox 305 1357 1351 1459; baseline -0.002 -29"><span class='ocrx_word' id='word_1_56' title='bbox 305 1357 573 1432; x_wconf 86' lang='lat' dir='ltr'>mediterraneis</span> <span class='ocrx_word' id='word_1_57' title='bbox 594 1363 685 1458; x_wconf 79' lang='lat' dir='ltr'>agris</span> <span class='ocrx_word' id='word_1_58' title='bbox 704 1364 803 1459; x_wconf 88' lang='lat' dir='ltr'>quasi</span> <span class='ocrx_word' id='word_1_59' title='bbox 827 1358 1016 1459; x_wconf 75' lang='lat' dir='ltr'>obligavit3</span> <span class='ocrx_word' id='word_1_60' title='bbox 1039 1358 1239 1458; x_wconf 86' lang='lat' dir='ltr'>eodemque</span> <span class='ocrx_word' id='word_1_61' title='bbox 1259 1373 1351 1430; x_wconf 89' lang='lat' dir='ltr'>tem-</span> 
     </span>
     <span class='ocr_line' id='line_1_10' title="bbox 305 1471 1351 1572; baseline -0.002 -28"><span class='ocrx_word' id='word_1_62' title='bbox 305 1491 395 1570; x_wconf 86' lang='lat' dir='ltr'><strong>pore</strong></span> <span class='ocrx_word' id='word_1_63' title='bbox 420 1488 455 1546; x_wconf 92' lang='lat' dir='ltr'>et</span> <span class='ocrx_word' id='word_1_64' title='bbox 478 1498 581 1544; x_wconf 88' lang='lat' dir='ltr'>usum</span> <span class='ocrx_word' id='word_1_65' title='bbox 608 1477 716 1546; x_wconf 88' lang='lat' dir='ltr'>maris</span> <span class='ocrx_word' id='word_1_66' title='bbox 740 1471 888 1546; x_wconf 90' lang='lat' dir='ltr'>navibus</span> <span class='ocrx_word' id='word_1_67' title='bbox 913 1476 1160 1572; x_wconf 85' lang='lat' dir='ltr'>recuperavit,</span> <span class='ocrx_word' id='word_1_68' title='bbox 1188 1489 1224 1544; x_wconf 89' lang='lat' dir='ltr'>et</span> <span class='ocrx_word' id='word_1_69' title='bbox 1248 1487 1351 1544; x_wconf 81' lang='lat' dir='ltr'>terrae</span> 
     </span>
    </p>

    <p class='ocr_par' dir='ltr' id='par_1_5' title="bbox 257 1585 1353 2124">
     <span class='ocr_line' id='line_1_11' title="bbox 257 1585 1353 1687; baseline 0.003 -32"><span class='ocrx_word' id='word_1_70' title='bbox 257 1597 289 1654; x_wconf 69' lang='grc' dir='ltr'>ιε</span> <span class='ocrx_word' id='word_1_71' title='bbox 306 1585 468 1660; x_wconf 88' lang='lat' dir='ltr'>homines</span> <span class='ocrx_word' id='word_1_72' title='bbox 483 1614 564 1661; x_wconf 88' lang='lat' dir='ltr'>suos</span> <span class='ocrx_word' id='word_1_73' title='bbox 578 1586 744 1662; x_wconf 89' lang='lat' dir='ltr'>reddidit.</span> <span class='ocrx_word' id='word_1_74' title='bbox 762 1588 871 1680; x_wconf 92' lang='lat' dir='ltr'>Quod</span> <span class='ocrx_word' id='word_1_75' title='bbox 886 1593 983 1687; x_wconf 92' lang='lat' dir='ltr'>prius</span> <span class='ocrx_word' id='word_1_76' title='bbox 999 1593 1037 1662; x_wconf 88' lang='lat' dir='ltr'>in</span> <span class='ocrx_word' id='word_1_77' title='bbox 1050 1587 1118 1662; x_wconf 83' lang='lat' dir='ltr'>hac</span> <span class='ocrx_word' id='word_1_78' title='bbox 1134 1593 1264 1661; x_wconf 81' lang='lat' dir='ltr'><strong>mirere</strong></span> <span class='ocrx_word' id='word_1_79' title='bbox 1279 1591 1353 1658; x_wconf 88' lang='lat' dir='ltr'>vic·</span> 
     </span>
     <span class='ocr_line' id='line_1_12' title="bbox 305 1699 1351 1806; baseline -0.003 -31"><span class='ocrx_word' id='word_1_80' title='bbox 305 1703 419 1776; x_wconf 84' lang='lat' dir='ltr'>toria?</span> <span class='ocrx_word' id='word_1_81' title='bbox 435 1702 677 1795; x_wconf 84' lang='lat' dir='ltr'>velocitatem,</span> <span class='ocrx_word' id='word_1_82' title='bbox 693 1705 791 1804; x_wconf 92' lang='lat' dir='ltr'>quod</span> <span class='ocrx_word' id='word_1_83' title='bbox 805 1703 1079 1806; x_wconf 77' lang='lat' dir='ltr'>quadragesimo</span> <span class='ocrx_word' id='word_1_84' title='bbox 1094 1705 1153 1778; x_wconf 89' lang='lat' dir='ltr'>die</span> <span class='ocrx_word' id='word_1_85' title='bbox 1167 1721 1270 1804; x_wconf 84' lang='lat' dir='ltr'>parta</span> <span class='ocrx_word' id='word_1_86' title='bbox 1281 1699 1351 1776; x_wconf 86' lang='lat' dir='ltr'>est?</span> 
     </span>
     <span class='ocr_line' id='line_1_13' title="bbox 307 1816 1352 1921; baseline -0.001 -30"><span class='ocrx_word' id='word_1_87' title='bbox 307 1845 353 1891; x_wconf 88' lang='lat' dir='ltr'>an</span> <span class='ocrx_word' id='word_1_88' title='bbox 366 1816 590 1910; x_wconf 83' lang='lat' dir='ltr'><strong>felicitatem,</strong></span> <span class='ocrx_word' id='word_1_89' title='bbox 605 1819 704 1919; x_wconf 88' lang='lat' dir='ltr'>quod</span> <span class='ocrx_word' id='word_1_90' title='bbox 717 1847 763 1894; x_wconf 89' lang='lat' dir='ltr'>ne</span> <span class='ocrx_word' id='word_1_91' title='bbox 775 1846 847 1894; x_wconf 89' lang='lat' dir='ltr'>una</span> <span class='ocrx_word' id='word_1_92' title='bbox 863 1819 1009 1921; x_wconf 85' lang='lat' dir='ltr'>quidem</span> <span class='ocrx_word' id='word_1_93' title='bbox 1025 1825 1123 1894; x_wconf 84' lang='lat' dir='ltr'>nevis</span> <span class='ocrx_word' id='word_1_94' title='bbox 1139 1824 1266 1894; x_wconf 84' lang='lat' dir='ltr'>amisse</span> <span class='ocrx_word' id='word_1_95' title='bbox 1279 1816 1352 1890; x_wconf 87' lang='lat' dir='ltr'>est?</span> 
     </span>
     <span class='ocr_line' id='line_1_14' title="bbox 307 1931 1352 2035; baseline -0.002 -29"><span class='ocrx_word' id='word_1_96' title='bbox 307 1959 353 2006; x_wconf 87' lang='lat' dir='ltr'>an</span> <span class='ocrx_word' id='word_1_97' title='bbox 364 1959 450 2007; x_wconf 88' lang='lat' dir='ltr'>vero</span> <span class='ocrx_word' id='word_1_98' title='bbox 466 1941 758 2034; x_wconf 83' lang='lat' dir='ltr'>perpetuitatem,</span> <span class='ocrx_word' id='word_1_99' title='bbox 773 1935 873 2035; x_wconf 88' lang='lat' dir='ltr'>quod</span> <span class='ocrx_word' id='word_1_100' title='bbox 886 1933 1037 2034; x_wconf 86' lang='lat' dir='ltr'>amplius</span> <span class='ocrx_word' id='word_1_101' title='bbox 1051 1939 1174 2033; x_wconf 82' lang='lat' dir='ltr'>piratae</span> <span class='ocrx_word' id='word_1_102' title='bbox 1188 1959 1261 2008; x_wconf 89' lang='lat' dir='ltr'>non</span> <span class='ocrx_word' id='word_1_103' title='bbox 1277 1931 1352 2005; x_wconf 83' lang='lat' dir='ltr'>iue-</span> 
     </span>
     <span class='ocr_line' id='line_1_15' title="bbox 307 2050 412 2124; baseline -0.01 -2"><span class='ocrx_word' id='word_1_104' title='bbox 307 2050 412 2124; x_wconf 83' lang='lat' dir='ltr'>runt?</span> 
     </span>
    </p>
   </div>
   <div class='ocr_carea' id='block_1_5' title="bbox 313 2281 1353 2310">
    <p class='ocr_par' dir='ltr' id='par_1_6' title="bbox 313 2281 1353 2310">
     <span class='ocr_line' id='line_1_16' title="bbox 313 2281 1353 2310; baseline -0.001 -8"><span class='ocrx_word' id='word_1_105' title='bbox 313 2281 1353 2310; x_wconf 54' lang='lat' dir='ltr'>WMMMMMMMMMMWMMMMMW</span> 
     </span>
    </p>
   </div>
   <div class='ocr_carea' id='block_1_6' title="bbox 544 2445 1118 2728">
    <p class='ocr_par' dir='ltr' id='par_1_7' title="bbox 544 2445 1118 2728">
     <span class='ocr_line' id='line_1_17' title="bbox 783 2445 885 2520; baseline 0.029 -3"><span class='ocrx_word' id='word_1_106' title='bbox 783 2445 885 2520; x_wconf 81' lang='lat' dir='ltr'><strong>Vll.</strong></span> 
     </span>
     <span class='ocr_line' id='line_1_18' title="bbox 544 2655 1118 2728; baseline 0.002 -4"><span class='ocrx_word' id='word_1_107' title='bbox 544 2655 766 2728; x_wconf 85' lang='lat' dir='ltr'><strong>BELLUM</strong></span> <span class='ocrx_word' id='word_1_108' title='bbox 796 2656 1118 2728; x_wconf 75' lang='lat' dir='ltr'>CRETICUM*.</span> 
     </span>
    </p>
   </div>
   <div class='ocr_carea' id='block_1_7' title="bbox 277 2855 1357 3769">
    <p class='ocr_par' dir='ltr' id='par_1_8' title="bbox 279 2855 1356 3187">
     <span class='ocr_line' id='line_1_19' title="bbox 279 2855 1355 2952; baseline 0 -20"><span class='ocrx_word' id='word_1_109' title='bbox 279 2907 288 2940; x_wconf 84' lang='grc'>,</span> <span class='ocrx_word' id='word_1_110' title='bbox 358 2859 539 2932; x_wconf 88' lang='lat' dir='ltr'>Creticum</span> <span class='ocrx_word' id='word_1_111' title='bbox 549 2859 702 2952; x_wconf 86' lang='lat' dir='ltr'>bellum,</span> <span class='ocrx_word' id='word_1_112' title='bbox 719 2864 748 2932; x_wconf 94' lang='lat' dir='ltr'>si</span> <span class='ocrx_word' id='word_1_113' title='bbox 764 2887 848 2934; x_wconf 86' lang='lat' dir='ltr'>vera</span> <span class='ocrx_word' id='word_1_114' title='bbox 864 2860 1026 2934; x_wconf 88' lang='lat' dir='ltr'>volumus</span> <span class='ocrx_word' id='word_1_115' title='bbox 1041 2885 1208 2950; x_wconf 85' lang='lat' dir='ltr'>noscere,</span> <span class='ocrx_word' id='word_1_116' title='bbox 1221 2884 1286 2932; x_wconf 88' lang='lat' dir='ltr'>nos</span> <span class='ocrx_word' id='word_1_117' title='bbox 1302 2855 1355 2932; x_wconf 86' lang='lat' dir='ltr'>fe-</span> 
     </span>
     <span class='ocr_line' id='line_1_20' title="bbox 309 2971 1356 3072; baseline -0.002 -27"><span class='ocrx_word' id='word_1_118' title='bbox 309 2978 421 3046; x_wconf 87' lang='lat' dir='ltr'>cimus</span> <span class='ocrx_word' id='word_1_119' title='bbox 437 2973 513 3046; x_wconf 86' lang='lat' dir='ltr'>sola</span> <span class='ocrx_word' id='word_1_120' title='bbox 533 2975 698 3048; x_wconf 90' lang='lat' dir='ltr'>vincendi</span> <span class='ocrx_word' id='word_1_121' title='bbox 718 2973 878 3048; x_wconf 85' lang='lat' dir='ltr'>nobilem</span> <span class='ocrx_word' id='word_1_122' title='bbox 893 2973 1044 3047; x_wconf 85' lang='lat' dir='ltr'>insulam</span> <span class='ocrx_word' id='word_1_123' title='bbox 1064 2971 1271 3072; x_wconf 87' lang='lat' dir='ltr'>cupiditate.</span> <span class='ocrx_word' id='word_1_124' title='bbox 1288 2972 1356 3043; x_wconf 88' lang='lat' dir='ltr'>Fa-</span> 
     </span>
     <span class='ocr_line' id='line_1_21' title="bbox 308 3085 1355 3187; baseline -0.005 -25"><span class='ocrx_word' id='word_1_125' title='bbox 308 3093 398 3163; x_wconf 84' lang='lat' dir='ltr'>visse</span> <span class='ocrx_word' id='word_1_126' title='bbox 417 3088 616 3164; x_wconf 80' lang='lat' dir='ltr'>Mithridati</span> <span class='ocrx_word' id='word_1_127' title='bbox 634 3089 839 3164; x_wconf 86' lang='lat' dir='ltr'>videbatur:</span> <span class='ocrx_word' id='word_1_128' title='bbox 862 3087 932 3162; x_wconf 89' lang='lat' dir='ltr'>hoc</span> <span class='ocrx_word' id='word_1_129' title='bbox 956 3085 1091 3187; x_wconf 90' lang='lat' dir='ltr'>placuit</span> <span class='ocrx_word' id='word_1_130' title='bbox 1108 3092 1214 3161; x_wconf 86' lang='lat' dir='ltr'>armis</span> <span class='ocrx_word' id='word_1_131' title='bbox 1236 3085 1355 3159; x_wconf 87' lang='lat' dir='ltr'>vindi·</span> 
     </span>
    </p>

    <p class='ocr_par' dir='ltr' id='par_1_9' title="bbox 278 3204 1357 3534">
     <span class='ocr_line' id='line_1_22' title="bbox 278 3204 1356 3293; baseline -0.004 -18"><span class='ocrx_word' id='word_1_132' title='bbox 278 3229 402 3293; x_wconf 78' lang='lat' dir='ltr'>²care.</span> <span class='ocrx_word' id='word_1_133' title='bbox 424 3207 563 3278; x_wconf 86' lang='lat' dir='ltr'>Primus</span> <span class='ocrx_word' id='word_1_134' title='bbox 583 3210 709 3279; x_wconf 86' lang='lat' dir='ltr'>invasit</span> <span class='ocrx_word' id='word_1_135' title='bbox 727 3204 876 3278; x_wconf 86' lang='lat' dir='ltr'>insulam</span> <span class='ocrx_word' id='word_1_136' title='bbox 898 3208 1041 3278; x_wconf 85' lang='lat' dir='ltr'>Marcus</span> <span class='ocrx_word' id='word_1_137' title='bbox 1060 3207 1249 3291; x_wconf 81' lang='lat' dir='ltr'>Antonius,</span> <span class='ocrx_word' id='word_1_138' title='bbox 1272 3227 1356 3272; x_wconf 87' lang='lat' dir='ltr'>cum</span> 
     </span>
     <span class='ocr_line' id='line_1_23' title="bbox 309 3315 1355 3420; baseline -0.002 -32"><span class='ocrx_word' id='word_1_139' title='bbox 309 3323 443 3416; x_wconf 73' lang='lat' dir='ltr'>ingenti</span> <span class='ocrx_word' id='word_1_140' title='bbox 463 3319 608 3418; x_wconf 88' lang='lat' dir='ltr'>quidem</span> <span class='ocrx_word' id='word_1_141' title='bbox 629 3325 785 3394; x_wconf 88' lang='lat' dir='ltr'>victoriae</span> <span class='ocrx_word' id='word_1_142' title='bbox 807 3347 868 3418; x_wconf 88' lang='lat' dir='ltr'>spe</span> <span class='ocrx_word' id='word_1_143' title='bbox 889 3335 995 3420; x_wconf 86' lang='lat' dir='ltr'>atque</span> <span class='ocrx_word' id='word_1_144' title='bbox 1015 3319 1163 3410; x_wconf 86' lang='lat' dir='ltr'>fiducia,</span> <span class='ocrx_word' id='word_1_145' title='bbox 1185 3315 1276 3388; x_wconf 88' lang='lat' dir='ltr'>adeo</span> <span class='ocrx_word' id='word_1_146' title='bbox 1296 3330 1355 3406; x_wconf 87' lang='lat' dir='ltr'>ut,</span> 
     </span>
     <span class='ocr_line' id='line_1_24' title="bbox 309 3427 1357 3534; baseline -0.002 -30"><span class='ocrx_word' id='word_1_147' title='bbox 309 3431 428 3530; x_wconf 89' lang='lat' dir='ltr'>plures</span> <span class='ocrx_word' id='word_1_148' title='bbox 441 3449 581 3507; x_wconf 88' lang='lat' dir='ltr'>catenas</span> <span class='ocrx_word' id='word_1_149' title='bbox 592 3439 630 3506; x_wconf 90' lang='lat' dir='ltr'>in</span> <span class='ocrx_word' id='word_1_150' title='bbox 640 3435 804 3525; x_wconf 79' lang='lat' dir='ltr'>navibus,</span> <span class='ocrx_word' id='word_1_151' title='bbox 820 3461 928 3534; x_wconf 85' lang='lat' dir='ltr'>quam</span> <span class='ocrx_word' id='word_1_152' title='bbox 938 3461 1053 3527; x_wconf 85' lang='lat' dir='ltr'>arma,</span> <span class='ocrx_word' id='word_1_153' title='bbox 1065 3448 1235 3532; x_wconf 87' lang='lat' dir='ltr'>portaret.</span> <span class='ocrx_word' id='word_1_154' title='bbox 1248 3427 1357 3504; x_wconf 87' lang='lat' dir='ltr'>Dedit</span> 
     </span>
    </p>

    <p class='ocr_par' dir='ltr' id='par_1_10' title="bbox 277 3548 1355 3769">
     <span class='ocr_line' id='line_1_25' title="bbox 277 3548 1355 3650; baseline -0.003 -32"><span class='ocrx_word' id='word_1_155' title='bbox 277 3550 429 3645; x_wconf 85' lang='lat' dir='ltr'>3itaque</span> <span class='ocrx_word' id='word_1_156' title='bbox 449 3571 573 3646; x_wconf 88' lang='lat' dir='ltr'>poeuas</span> <span class='ocrx_word' id='word_1_157' title='bbox 590 3549 786 3622; x_wconf 85' lang='lat' dir='ltr'>vecordiae:</span> <span class='ocrx_word' id='word_1_158' title='bbox 808 3576 892 3622; x_wconf 87' lang='lat' dir='ltr'>nam</span> <span class='ocrx_word' id='word_1_159' title='bbox 911 3548 1098 3650; x_wconf 83' lang='lat' dir='ltr'>plerasque</span> <span class='ocrx_word' id='word_1_160' title='bbox 1118 3571 1226 3620; x_wconf 88' lang='lat' dir='ltr'>naves</span> <span class='ocrx_word' id='word_1_161' title='bbox 1243 3549 1355 3617; x_wconf 89' lang='lat' dir='ltr'>inter-</span> 
     </span>
     <span class='ocr_line' id='line_1_26' title="bbox 310 3657 1355 3769; baseline -0.004 -35"><span class='ocrx_word' id='word_1_162' title='bbox 310 3687 439 3762; x_wconf 86' lang='lat' dir='ltr'>cepere</span> <span class='ocrx_word' id='word_1_163' title='bbox 461 3659 601 3754; x_wconf 85' lang='lat' dir='ltr'>hostes;</span> <span class='ocrx_word' id='word_1_164' title='bbox 628 3669 838 3764; x_wconf 87' lang='lat' dir='ltr'>captivaque</span> <span class='ocrx_word' id='word_1_165' title='bbox 860 3691 1015 3762; x_wconf 87' lang='lat' dir='ltr'>corpora</span> <span class='ocrx_word' id='word_1_166' title='bbox 1035 3662 1183 3762; x_wconf 76' lang='lat' dir='ltr'>religata</span> <span class='ocrx_word' id='word_1_167' title='bbox 1207 3657 1292 3732; x_wconf 88' lang='lat' dir='ltr'>velis</span> <span class='ocrx_word' id='word_1_168' title='bbox 1313 3683 1355 3769; x_wconf 75' lang='lat' dir='ltr'>ae</span> 
     </span>
    </p>
   </div>
   <div class='ocr_carea' id='block_1_8' title="bbox 311 3863 1357 4320">
    <p class='ocr_par' dir='ltr' id='par_1_11' title="bbox 314 3863 1356 3944">
     <span class='ocr_line' id='line_1_27' title="bbox 314 3863 1356 3944; baseline -0.004 -25"><span class='ocrx_word' id='word_1_169' title='bbox 314 3865 812 3942; x_wconf 74' lang='lat' dir='ltr'>⁸quiaaudent,sedquianeeesseert‚</span> <span class='ocrx_word' id='word_1_170' title='bbox 854 3863 1356 3944; x_wconf 77' lang='lat' dir='ltr'>viiEpit.XCIX;Euseb.1.ib.terupo·</span> 
     </span>
    </p>

    <p class='ocr_par' dir='ltr' id='par_1_12' title="bbox 315 3943 1354 4096">
     <span class='ocr_line' id='line_1_28' title="bbox 315 3943 1354 4020; baseline -0.005 -22"><span class='ocrx_word' id='word_1_171' title='bbox 315 3968 326 3990; x_wconf 79' lang='grc' dir='ltr'>ι</span> <span class='ocrx_word' id='word_1_172' title='bbox 336 3962 486 4018; x_wconf 73' lang='lat' dir='ltr'>pugnant.»</span> <span class='ocrx_word' id='word_1_173' title='bbox 853 3965 924 4012; x_wconf 78' lang='lat' dir='ltr'>rum3</span> <span class='ocrx_word' id='word_1_174' title='bbox 941 3949 1052 4020; x_wconf 85' lang='lat' dir='ltr'>Eutrop.</span> <span class='ocrx_word' id='word_1_175' title='bbox 1067 3948 1119 4014; x_wconf 83' lang='lat' dir='ltr'>Vi,</span> <span class='ocrx_word' id='word_1_176' title='bbox 1134 3947 1167 4016; x_wconf 56' lang='grc' dir='ltr'>,ἧς</span> <span class='ocrx_word' id='word_1_177' title='bbox 1183 3943 1270 3998; x_wconf 69' lang='lat' dir='ltr'>valer.</span> <span class='ocrx_word' id='word_1_178' title='bbox 1287 3945 1354 3996; x_wconf 71' lang='lat' dir='ltr'>Max.</span> 
     </span>
     <span class='ocr_line' id='line_1_29' title="bbox 348 4025 1072 4096; baseline 0 -17"><span class='ocrx_word' id='word_1_179' title='bbox 348 4025 358 4047; x_wconf 83' lang='lat'>&#39;</span> <span class='ocrx_word' id='word_1_180' title='bbox 381 4029 441 4079; x_wconf 73' lang='lat' dir='ltr'>Gur.</span> <span class='ocrx_word' id='word_1_181' title='bbox 462 4029 517 4079; x_wconf 81' lang='lat' dir='ltr'>vn.</span> <span class='ocrx_word' id='word_1_182' title='bbox 541 4031 648 4082; x_wconf 73' lang='lat' dir='ltr'>Burnus</span> <span class='ocrx_word' id='word_1_183' title='bbox 668 4031 812 4082; x_wconf 73' lang='lat' dir='ltr'>omrem«,</span> <span class='ocrx_word' id='word_1_184' title='bbox 853 4032 916 4095; x_wconf 81' lang='lat' dir='ltr'>vn,</span> <span class='ocrx_word' id='word_1_185' title='bbox 930 4029 964 4094; x_wconf 88' lang='grc'>6,</span> <span class='ocrx_word' id='word_1_186' title='bbox 983 4045 1006 4096; x_wconf 82' lang='grc' dir='ltr'>ι,</span> <span class='ocrx_word' id='word_1_187' title='bbox 1020 4041 1072 4080; x_wconf 78' lang='lat' dir='ltr'>ext.</span> 
     </span>
    </p>

    <p class='ocr_par' dir='ltr' id='par_1_13' title="bbox 312 4101 1356 4174">
     <span class='ocr_line' id='line_1_30' title="bbox 312 4101 1356 4174; baseline 0.004 -20"><span class='ocrx_word' id='word_1_188' title='bbox 312 4103 542 4174; x_wconf 76' lang='lat' dir='ltr'>AnnoUrbis680,</span> <span class='ocrx_word' id='word_1_189' title='bbox 550 4107 753 4161; x_wconf 74' lang='lat' dir='ltr'>antechristum</span> <span class='ocrx_word' id='word_1_190' title='bbox 761 4109 815 4160; x_wconf 81' lang='lat' dir='ltr'>Na·</span> <span class='ocrx_word' id='word_1_191' title='bbox 891 4127 914 4160; x_wconf 80' lang='lat'>2.</span> <span class='ocrx_word' id='word_1_192' title='bbox 942 4110 1049 4160; x_wconf 74' lang='lat' dir='ltr'>Marem</span> <span class='ocrx_word' id='word_1_193' title='bbox 1071 4105 1210 4160; x_wconf 77' lang='lat' dir='ltr'>Antonius.</span> <span class='ocrx_word' id='word_1_194' title='bbox 1233 4101 1356 4167; x_wconf 69' lang='lat' dir='ltr'>Scilicet,</span> 
     </span>
    </p>

    <p class='ocr_par' dir='ltr' id='par_1_14' title="bbox 311 4184 1357 4259">
     <span class='ocr_line' id='line_1_31' title="bbox 311 4184 1357 4259; baseline 0.002 -26"><span class='ocrx_word' id='word_1_195' title='bbox 311 4197 369 4235; x_wconf 83' lang='lat' dir='ltr'>tum</span> <span class='ocrx_word' id='word_1_196' title='bbox 381 4184 428 4253; x_wconf 71' lang='lat'>743</span> <span class='ocrx_word' id='word_1_197' title='bbox 443 4201 511 4236; x_wconf 84' lang='lat' dir='ltr'>coss.</span> <span class='ocrx_word' id='word_1_198' title='bbox 526 4185 555 4238; x_wconf 90' lang='lat' dir='ltr'>L.</span> <span class='ocrx_word' id='word_1_199' title='bbox 572 4187 675 4240; x_wconf 81' lang='lat' dir='ltr'>Licinio</span> <span class='ocrx_word' id='word_1_200' title='bbox 686 4187 814 4253; x_wconf 84' lang='lat' dir='ltr'>Lucullo,</span> <span class='ocrx_word' id='word_1_201' title='bbox 855 4201 932 4259; x_wconf 80' lang='lat' dir='ltr'>pater</span> <span class='ocrx_word' id='word_1_202' title='bbox 946 4187 1018 4240; x_wconf 82' lang='lat' dir='ltr'>iilius</span> <span class='ocrx_word' id='word_1_203' title='bbox 1032 4185 1116 4242; x_wconf 76' lang='lat' dir='ltr'>Marci</span> <span class='ocrx_word' id='word_1_204' title='bbox 1135 4185 1246 4238; x_wconf 80' lang='lat' dir='ltr'>Antonii</span> <span class='ocrx_word' id='word_1_205' title='bbox 1263 4184 1357 4236; x_wconf 61' lang='lat' dir='ltr'>mum-</span> 
     </span>
    </p>

    <p class='ocr_par' dir='ltr' id='par_1_15' title="bbox 311 4259 912 4320">
     <span class='ocr_line' id='line_1_32' title="bbox 311 4259 912 4320; baseline 0.007 -8"><span class='ocrx_word' id='word_1_206' title='bbox 311 4259 348 4312; x_wconf 86' lang='lat' dir='ltr'>M.</span> <span class='ocrx_word' id='word_1_207' title='bbox 359 4263 467 4314; x_wconf 75' lang='lat' dir='ltr'>Aurelio</span> <span class='ocrx_word' id='word_1_208' title='bbox 478 4262 564 4317; x_wconf 76' lang='lat' dir='ltr'>Cotta.</span> <span class='ocrx_word' id='word_1_209' title='bbox 577 4266 616 4316; x_wconf 90' lang='lat' dir='ltr'>De</span> <span class='ocrx_word' id='word_1_210' title='bbox 628 4265 680 4318; x_wconf 84' lang='lat' dir='ltr'>hue</span> <span class='ocrx_word' id='word_1_211' title='bbox 690 4265 761 4319; x_wconf 84' lang='lat' dir='ltr'>bello</span> <span class='ocrx_word' id='word_1_212' title='bbox 772 4269 813 4320; x_wconf 92' lang='lat' dir='ltr'>Li·</span> <span class='ocrx_word' id='word_1_213' title='bbox 855 4267 912 4318; x_wconf 79' lang='lat' dir='ltr'>riri.</span> 
     </span>
    </p>
   </div>
   <div class='ocr_carea' id='block_1_9' title="bbox 0 0 1593 4950">
    <p class='ocr_par' dir='ltr' id='par_1_16' title="bbox 0 0 1593 4950">
     <span class='ocr_line' id='line_1_33' title="bbox 0 0 1593 4950; baseline 0 0"><span class='ocrx_word' id='word_1_214' title='bbox 0 0 1593 4950; x_wconf 95' lang='lat' dir='ltr'> </span> 
     </span>
    </p>
   </div>
  </div>
 </body>
</html>
