3108 4956
350 486 412 553 288
678 487 713 551 P.
738 486 891 551 ANNAEI
915 483 1061 550 FLORI

349 627 426 682 tum
447 635 515 710 par
536 609 680 683 fortuna
702 608 904 708 flaturitantc,
935 607 1058 682 sedem
1079 605 1180 686 bello
1205 612 1397 709 Pompeius

297 739 332 794 36
348 725 484 826 Epiron
500 722 670 824 elegerat:
689 749 756 796 nec
771 725 888 798 Caesar
903 739 1080 798 moratur:
1099 727 1234 824 quippe
1248 723 1398 798 ordina-

349 847 392 916 tis
403 859 533 942 atergo
548 839 731 930 omnibus,
747 844 907 940 quamvis
916 838 1160 936 hiemanedia
1172 839 1397 940 prohiberet,

298 971 331 1043 37
349 973 559 1056 tempestate
572 956 618 1030 ad
629 954 765 1029 bellum
776 960 971 1057 navigavit:
984 959 1177 1056 positisque
1188 955 1235 1028 ad
1246 959 1399 1030 Oricum

354 1077 492 1163 castris,
507 1098 619 1173 quum
635 1097 717 1170 pars
730 1076 903 1146 exercitus
922 1072 970 1146 ob
984 1077 1142 1172 inopiam
1156 1077 1300 1145 navium
1314 1098 1398 1146 cum

348 1191 504 1260 Antonio
526 1185 666 1277 relicta,
690 1187 867 1261 Brundisii
887 1213 1027 1260 moram
1045 1186 1195 1274 faceret,
1218 1186 1309 1260 adeo
1329 1191 1399 1259 im-

351 1308 485 1404 patiens
512 1319 603 1394 erat,
632 1319 672 1376 ut
697 1302 743 1375 ad
770 1303 995 1376 arcessendos
1021 1329 1081 1376 eos
1108 1303 1256 1377 ardente
1284 1307 1398 1378 ventis

350 1424 456 1512 mari,
474 1435 581 1498 nocte
596 1417 788 1511 concubia,
810 1417 1047 1517 speculatorio
1064 1423 1220 1518 navigio,
1238 1417 1331 1492 solus
1344 1423 1398 1493 ire

350 1540 550 1610 tentaverit.
564 1537 685 1611 Exstat
695 1534 742 1608 ad
752 1534 934 1634 trepidum
946 1551 1045 1608 tanto
1058 1535 1260 1608 discrimine
1271 1534 1398 1634 guber·

351 1668 512 1724 natorem
525 1677 595 1722 vox
609 1653 717 1748 ipsius
726 1679 735 1741 ;
755 1649 877 1742 «Quid
892 1649 1013 1722 times?
1028 1652 1203 1723 Caesarem
1219 1649 1353 1723 vehis»

299 1781 332 1838 38
399 1767 600 1839 Contractis
611 1769 648 1836 in
659 1789 771 1836 unum
782 1762 946 1836 omnibus
955 1763 1113 1864 undique
1125 1767 1253 1865 copiis,
1265 1767 1399 1864 positis·

351 1909 422 1983 que
447 1885 608 1954 cominus
631 1883 769 1970 castris,
796 1877 935 1954 diversa
960 1896 1060 1954 erant
1082 1880 1215 1953 ducum
1240 1880 1396 1954 consilia.

352 1999 469 2070 Caesar
487 2021 554 2096 pro
574 2011 700 2068 natura
723 1993 841 2086 ferox,
860 2011 896 2068 et
915 1995 1144 2068 conficiendae
1161 1999 1213 2068 rei
1231 1987 1397 2095 cupidus,

299 2126 334 2198 39
353 2132 529 2187 ostentare
539 2115 669 2203 aciem,
679 2111 1202 2212 provocare,lacessere;nunc
1212 2111 1399 2185 obsidione

353 2246 655 2328 castrorum,quae
664 2227 982 2302 sedecimmillium
990 2225 1083 2301 vallo
1094 2227 1306 2302 obduxerat:
1318 2229 1332 2311 i
1335 2227 1401 2301 sed

353 2345 440 2445 quid
460 2343 514 2418 bis
538 2343 678 2418 obesset
700 2343 855 2435 obsidio,
877 2348 938 2444 qui
957 2360 1100 2442 patente
1121 2349 1212 2417 mari
1235 2343 1400 2418 omnibus

300 2477 335 2545 40
353 2463 465 2558 copiis
483 2457 745 2554 abundarenti)
763 2484 857 2530 nunc
873 2464 1138 2558 oppugnatione
1151 2457 1338 2558 Dyrrachii
1354 2464 1400 2533 ir·

353 2578 437 2648 rita:
456 2575 610 2674 (quippe
626 2601 734 2674 quam
747 2573 804 2646 vel
820 2577 905 2646 situs
921 2574 1228 2674 inexpugnabilem
1243 2574 1399 2674 faceret)

354 2681 490 2765 adhoc
512 2687 657 2761 assiduis
682 2691 718 2760 in
737 2693 927 2786 eruptione
950 2687 1106 2763 bostium
1130 2689 1275 2789 praeliis:
1306 2693 1398 2790 (quo

353 2821 517 2904 tempore
530 2807 669 2903 egregia
681 2807 791 2876 virtus
804 2804 930 2876 Scaevae
942 2809 1157 2877 centurionis
1171 2811 1328 2900 emicuit,
1341 2834 1398 2880 cu·

303 2939 333 3008 41
349 2921 407 3021 jus
421 2924 458 2992 in
471 2935 570 2993 scuto
583 2935 725 2992 centum
737 2935 843 3020 atque
855 2923 978 3019 viginti
989 2919 1059 2992 tela
1070 2920 1215 3020 sedere)
1224 2923 1300 3023 jam
1314 2949 1397 2996 vero

359 3181 410 3218 tar
431 3166 520 3218 «Eece
536 3183 585 3238 par
603 3166 654 3218 deo
671 3165 796 3237 dignum,
819 3167 859 3217 vir
898 3164 969 3219 Bello
986 3167 1139 3234 Gildonim,
1160 3170 1212 3239 49:
1235 3167 1398 3242 si‘ostqusm
1441 3189 1449 3214 ο

358 3244 455 3296 sfortis
469 3263 528 3296 cum
545 3245 614 3296 mala
628 3246 737 3298 fortuna
750 3264 859 3316 compo·
900 3269 912 3292 ι
918 3249 978 3318 jura
991 3249 1065 3300 ferox
1075 3249 1103 3298 in
1112 3266 1141 3299 ss
1151 3249 1301 3300 communia
1313 3249 1399 3301 Caesar

358 3344 370 3368 ι
381 3323 478 3374 situs·
496 3323 618 3375 Lucanus
629 3324 678 3389 vt,
695 3325 725 3390 3,
742 3325 860 3378 similiter
901 3329 1096 3380 «Transtulit.-

356 3413 386 3452 ut
397 3398 505 3465 Florus,
522 3399 555 3453 de
567 3402 693 3473 Pompeio
706 3415 731 3453 et
743 3403 857 3470 Caessre,
933 3407 976 3478 39.
996 3408 1110 3461 Sedecim
1127 3406 1244 3460 millium
1260 3407 1340 3460 valio.
1359 3409 1398 3459 De

359 3495 571 3550 «parquesuum
585 3479 859 3534 videredet.·1nti-
897 3485 977 3558 hujus
1001 3487 1062 3541 valli
1088 3487 1211 3541 mirando
1235 3508 1316 3560 opere
1341 3487 1398 3540 vide

357 3569 413 3610 tum
428 3570 514 3611 autern
529 3577 580 3630 par
592 3559 703 3628 dieitur,
721 3562 776 3613 isto
796 3562 858 3615 huic
897 3569 1013 3640 Lipsium
1030 3571 1057 3622 in
1072 3571 1165 3622 Mitius
1180 3571 1298 3622 Romana
1311 3570 1343 3634 V,
1358 3569 1398 3622 13.

303 3653 306 3658 ·
356 3637 493 3690 certmini
504 3636 678 3707 destinatum,
694 3653 721 3692 et
732 3639 766 3694 ad
778 3641 805 3694 id
816 3661 859 3696 re-
896 3649 1036 3718 -Copiis
1048 3651 1097 3701 Pro
1109 3661 1397 3714 annona,commentu.

355 3731 495 3772 servatum.
932 3726 976 3792 4ο.
994 3729 1203 3800 oppugnatione.
1223 3729 1292 3782 Bene
1309 3731 1346 3780 sic
1361 3727 1400 3780 le·

391 3797 434 3868 37.
445 3797 559 3852 Oricum.
569 3800 858 3872 Epirirnsritimaurbs.
897 3819 963 3875 gunt
979 3805 1187 3873 Freinshemius,
1205 3809 1269 3859 Tits.
1288 3803 1400 3880 aliique;

356 3907 390 3917 -
403 3877 486 3931 Nocte
499 3879 631 3932 concubia.
649 3882 709 3933 Nox
726 3879 857 3934 concubia
896 3884 975 3956 vulgo
991 3887 1196 3959 expnqnatione:
1216 3887 1264 3940 sed
1282 3906 1342 3940 mox
1357 3905 1399 3940 ss-

357 3954 453 4008 dicitur
461 3957 546 4010 media
557 3978 624 4026 nox,
635 3979 689 4032 qua
698 3973 793 4033 cuncta
803 3963 857 4014 ani·
899 3967 989 4035 quitur
1000 3965 1233 4038 inexpupnobilesn.
1253 3997 1290 4006 -
1301 3967 1400 4037 Dym-

356 4034 435 4087 maiia
447 4039 521 4088 terris
532 4056 639 4090 somnus
650 4038 739 4092 babet.
898 4043 960 4108 ciii,
970 4041 1130 4095 Macedoniae
1138 4043 1241 4115 oppidi,
1249 4045 1320 4116 quod
1327 4045 1400 4117 prius

393 4111 436 4166 38.
451 4115 503 4166 Pro
515 4127 606 4168 notura
612 4116 701 4186 ferox.
714 4117 786 4170 idem
800 4120 858 4189 epi·
898 4119 1047 4190 Epidaurus
1060 4119 1212 4188 dicebatur,
1223 4122 1256 4175 nd
1270 4122 1332 4175 litus
1344 4124 1400 4175 fere

357 4189 450 4244 theton
462 4191 557 4244 Coesnri
570 4192 644 4245 addit
654 4193 814 4248 Claudianus
825 4195 858 4248 de
900 4198 979 4251 maris
992 4197 1126 4252 Adriatici.
