<?xml version="1.0" encoding="UTF-8"?>
<!DOCTYPE html PUBLIC "-//W3C//DTD XHTML 1.0 Transitional//EN"
    "http://www.w3.org/TR/xhtml1/DTD/xhtml1-transitional.dtd">
<html xmlns="http://www.w3.org/1999/xhtml" xml:lang="en" lang="en">
 <head>
  <title>
</title>
<meta http-equiv="Content-Type" content="text/html;charset=utf-8" />
  <meta name='ocr-system' content='tesseract 3.04.00' />
  <meta name='ocr-capabilities' content='ocr_page ocr_carea ocr_par ocr_line ocrx_word'/>
</head>
<body>
  <div class='ocr_page' id='page_1' title='image "./luciiannaeiflor00lemagoog_0353.png"; bbox 0 0 3142 4958; ppageno 0'>
   <div class='ocr_carea' id='block_1_1' title="bbox 294 487 1144 614">
    <p class='ocr_par' dir='ltr' id='par_1_1' title="bbox 294 487 1144 614">
     <span class='ocr_line' id='line_1_1' title="bbox 294 487 1144 614; baseline -0.011 -29"><span class='ocrx_word' id='word_1_1' title='bbox 294 519 357 600; x_wconf 72' lang='lat'>340</span> <span class='ocrx_word' id='word_1_2' title='bbox 485 511 741 578; x_wconf 72' lang='lat' dir='ltr'>ramerum</span> <span class='ocrx_word' id='word_1_3' title='bbox 763 511 829 574; x_wconf 76' lang='lat' dir='ltr'>ao</span> <span class='ocrx_word' id='word_1_4' title='bbox 852 487 1144 614; x_wconf 61' lang='lat' dir='ltr'>caurorum.</span> 
     </span>
    </p>
   </div>
   <div class='ocr_carea' id='block_1_2' title="bbox 292 636 1408 2857">
    <p class='ocr_par' dir='ltr' id='par_1_2' title="bbox 292 636 1408 2857">
     <span class='ocr_line' id='line_1_2' title="bbox 293 636 1345 729; baseline -0.004 -21"><span class='ocrx_word' id='word_1_5' title='bbox 293 639 464 711; x_wconf 85' lang='lat' dir='ltr'>Theodori</span> <span class='ocrx_word' id='word_1_6' title='bbox 478 637 594 704; x_wconf 83' lang='lat' dir='ltr'>Manlii</span> <span class='ocrx_word' id='word_1_7' title='bbox 608 637 692 726; x_wconf 82' lang='lat' dir='ltr'>liber</span> <span class='ocrx_word' id='word_1_8' title='bbox 709 636 751 702; x_wconf 94' lang='lat' dir='ltr'>de</span> <span class='ocrx_word' id='word_1_9' title='bbox 768 659 879 702; x_wconf 89' lang='lat' dir='ltr'>rerum</span> <span class='ocrx_word' id='word_1_10' title='bbox 894 650 1026 717; x_wconf 88' lang='lat' dir='ltr'>natura,</span> <span class='ocrx_word' id='word_1_11' title='bbox 1045 639 1235 729; x_wconf 79' lang='lat' dir='ltr'>caussisque</span> <span class='ocrx_word' id='word_1_12' title='bbox 1249 656 1345 705; x_wconf 89' lang='lat' dir='ltr'>natu·</span> 
     </span>
     <span class='ocr_line' id='line_1_3' title="bbox 293 742 1342 835; baseline -0.007 -18"><span class='ocrx_word' id='word_1_13' title='bbox 293 748 431 828; x_wconf 81' lang='lat' dir='ltr'>talibus,</span> <span class='ocrx_word' id='word_1_14' title='bbox 451 745 494 814; x_wconf 90' lang='lat' dir='ltr'>de</span> <span class='ocrx_word' id='word_1_15' title='bbox 509 746 620 823; x_wconf 84' lang='lat' dir='ltr'>astris,</span> <span class='ocrx_word' id='word_1_16' title='bbox 642 759 676 808; x_wconf 86' lang='lat' dir='ltr'>et</span> <span class='ocrx_word' id='word_1_17' title='bbox 688 743 761 808; x_wconf 89' lang='lat' dir='ltr'>aliis</span> <span class='ocrx_word' id='word_1_18' title='bbox 776 742 955 835; x_wconf 88' lang='lat' dir='ltr'>ejusmodi,</span> <span class='ocrx_word' id='word_1_19' title='bbox 977 745 1034 834; x_wconf 93' lang='lat' dir='ltr'>qui</span> <span class='ocrx_word' id='word_1_20' title='bbox 1049 743 1159 810; x_wconf 91' lang='lat' dir='ltr'>adhuc</span> <span class='ocrx_word' id='word_1_21' title='bbox 1174 746 1207 810; x_wconf 90' lang='lat' dir='ltr'>in</span> <span class='ocrx_word' id='word_1_22' title='bbox 1222 744 1342 810; x_wconf 89' lang='lat' dir='ltr'>Biblio-</span> 
     </span>
     <span class='ocr_line' id='line_1_4' title="bbox 292 852 1339 941; baseline -0.004 -21"><span class='ocrx_word' id='word_1_23' title='bbox 292 854 397 920; x_wconf 89' lang='lat' dir='ltr'>thecis</span> <span class='ocrx_word' id='word_1_24' title='bbox 412 869 530 932; x_wconf 85' lang='lat' dir='ltr'>exstat,</span> <span class='ocrx_word' id='word_1_25' title='bbox 547 873 647 916; x_wconf 88' lang='lat' dir='ltr'>manu</span> <span class='ocrx_word' id='word_1_26' title='bbox 662 865 812 916; x_wconf 86' lang='lat' dir='ltr'>exaratus</span> <span class='ocrx_word' id='word_1_27' title='bbox 829 867 863 916; x_wconf 93' lang='lat' dir='ltr'>et</span> <span class='ocrx_word' id='word_1_28' title='bbox 878 852 1026 940; x_wconf 85' lang='lat' dir='ltr'>pedestri</span> <span class='ocrx_word' id='word_1_29' title='bbox 1039 873 1192 916; x_wconf 84' lang='lat' dir='ltr'>sermone</span> <span class='ocrx_word' id='word_1_30' title='bbox 1207 875 1339 941; x_wconf 88' lang='lat' dir='ltr'>compo-</span> 
     </span>
     <span class='ocr_line' id='line_1_5' title="bbox 294 956 1341 1047; baseline -0.004 -19"><span class='ocrx_word' id='word_1_31' title='bbox 294 962 385 1028; x_wconf 87' lang='lat' dir='ltr'>situs.</span> <span class='ocrx_word' id='word_1_32' title='bbox 399 963 432 1025; x_wconf 87' lang='lat' dir='ltr'>Is</span> <span class='ocrx_word' id='word_1_33' title='bbox 442 975 493 1026; x_wconf 85' lang='lat' dir='ltr'>cst</span> <span class='ocrx_word' id='word_1_34' title='bbox 500 956 699 1024; x_wconf 83' lang='lat' dir='ltr'>Theodorus</span> <span class='ocrx_word' id='word_1_35' title='bbox 708 957 867 1037; x_wconf 86' lang='lat' dir='ltr'>Manlius,</span> <span class='ocrx_word' id='word_1_36' title='bbox 881 957 975 1047; x_wconf 89' lang='lat' dir='ltr'>cujus</span> <span class='ocrx_word' id='word_1_37' title='bbox 986 959 1192 1024; x_wconf 87' lang='lat' dir='ltr'>consulatum</span> <span class='ocrx_word' id='word_1_38' title='bbox 1202 957 1341 1024; x_wconf 88' lang='lat' dir='ltr'>celebra·</span> 
     </span>
     <span class='ocr_line' id='line_1_6' title="bbox 293 1063 1339 1154; baseline -0.002 -22"><span class='ocrx_word' id='word_1_39' title='bbox 293 1069 342 1132; x_wconf 85' lang='lat' dir='ltr'>vit</span> <span class='ocrx_word' id='word_1_40' title='bbox 350 1066 496 1132; x_wconf 80' lang='lat' dir='ltr'>camnine</span> <span class='ocrx_word' id='word_1_41' title='bbox 506 1063 716 1145; x_wconf 88' lang='lat' dir='ltr'>Claudianus,</span> <span class='ocrx_word' id='word_1_42' title='bbox 727 1080 808 1128; x_wconf 88' lang='lat' dir='ltr'>utet</span> <span class='ocrx_word' id='word_1_43' title='bbox 818 1086 902 1153; x_wconf 90' lang='lat' dir='ltr'>opus</span> <span class='ocrx_word' id='word_1_44' title='bbox 913 1065 1031 1154; x_wconf 88' lang='lat' dir='ltr'>ipsum.</span> <span class='ocrx_word' id='word_1_45' title='bbox 1042 1063 1125 1130; x_wconf 90' lang='lat' dir='ltr'>Inde</span> <span class='ocrx_word' id='word_1_46' title='bbox 1136 1067 1339 1131; x_wconf 88' lang='lat' dir='ltr'>occasionem</span> 
     </span>
     <span class='ocr_line' id='line_1_7' title="bbox 294 1169 1341 1263; baseline -0.002 -25"><span class='ocrx_word' id='word_1_47' title='bbox 294 1174 434 1263; x_wconf 86' lang='lat' dir='ltr'>arripuit</span> <span class='ocrx_word' id='word_1_48' title='bbox 450 1171 503 1236; x_wconf 82' lang='lat' dir='ltr'>vir</span> <span class='ocrx_word' id='word_1_49' title='bbox 516 1169 652 1260; x_wconf 89' lang='lat' dir='ltr'>quidam</span> <span class='ocrx_word' id='word_1_50' title='bbox 667 1169 891 1251; x_wconf 83' lang='lat' dir='ltr'>doctissimus,</span> <span class='ocrx_word' id='word_1_51' title='bbox 911 1170 1128 1237; x_wconf 80' lang='lat' dir='ltr'>transcribere</span> <span class='ocrx_word' id='word_1_52' title='bbox 1142 1171 1225 1236; x_wconf 93' lang='lat' dir='ltr'>illud</span> <span class='ocrx_word' id='word_1_53' title='bbox 1238 1173 1341 1236; x_wconf 89' lang='lat' dir='ltr'>Mani-</span> 
     </span>
     <span class='ocr_line' id='line_1_8' title="bbox 293 1277 1340 1370; baseline -0.005 -22"><span class='ocrx_word' id='word_1_54' title='bbox 293 1281 355 1361; x_wconf 91' lang='lat' dir='ltr'>lio,</span> <span class='ocrx_word' id='word_1_55' title='bbox 370 1281 440 1348; x_wconf 85' lang='lat' dir='ltr'>sive</span> <span class='ocrx_word' id='word_1_56' title='bbox 452 1279 596 1346; x_wconf 84' lang='lat' dir='ltr'>Manlius</span> <span class='ocrx_word' id='word_1_57' title='bbox 609 1278 664 1358; x_wconf 88' lang='lat' dir='ltr'>sit,</span> <span class='ocrx_word' id='word_1_58' title='bbox 680 1279 775 1370; x_wconf 87' lang='lat' dir='ltr'>cujus</span> <span class='ocrx_word' id='word_1_59' title='bbox 786 1277 888 1346; x_wconf 90' lang='lat' dir='ltr'>hodie</span> <span class='ocrx_word' id='word_1_60' title='bbox 899 1279 1154 1345; x_wconf 82' lang='lat' dir='ltr'>Astronomicon</span> <span class='ocrx_word' id='word_1_61' title='bbox 1166 1279 1340 1358; x_wconf 87' lang='lat' dir='ltr'>habemus,</span> 
     </span>
     <span class='ocr_line' id='line_1_9' title="bbox 294 1382 1343 1474; baseline -0.004 -22"><span class='ocrx_word' id='word_1_62' title='bbox 294 1404 333 1452; x_wconf 89' lang='lat' dir='ltr'>ut</span> <span class='ocrx_word' id='word_1_63' title='bbox 346 1385 436 1452; x_wconf 90' lang='lat' dir='ltr'>idem</span> <span class='ocrx_word' id='word_1_64' title='bbox 450 1385 492 1449; x_wconf 87' lang='lat' dir='ltr'>sit</span> <span class='ocrx_word' id='word_1_65' title='bbox 503 1384 648 1450; x_wconf 84' lang='lat' dir='ltr'>Manlius</span> <span class='ocrx_word' id='word_1_66' title='bbox 659 1383 715 1448; x_wconf 91' lang='lat' dir='ltr'>ille</span> <span class='ocrx_word' id='word_1_67' title='bbox 730 1382 913 1450; x_wconf 85' lang='lat' dir='ltr'>Claudiano</span> <span class='ocrx_word' id='word_1_68' title='bbox 925 1383 1087 1451; x_wconf 86' lang='lat' dir='ltr'>laudatus.</span> <span class='ocrx_word' id='word_1_69' title='bbox 1101 1388 1169 1450; x_wconf 85' lang='lat' dir='ltr'>Nos</span> <span class='ocrx_word' id='word_1_70' title='bbox 1183 1385 1262 1450; x_wconf 92' lang='lat' dir='ltr'>alibi</span> <span class='ocrx_word' id='word_1_71' title='bbox 1274 1386 1343 1474; x_wconf 91' lang='lat' dir='ltr'>plu-</span> 
     </span>
     <span class='ocr_line' id='line_1_10' title="bbox 292 1486 1341 1580; baseline -0.003 -24"><span class='ocrx_word' id='word_1_72' title='bbox 292 1491 386 1565; x_wconf 86' lang='lat' dir='ltr'>ribus</span> <span class='ocrx_word' id='word_1_73' title='bbox 396 1491 616 1580; x_wconf 79' lang='lat' dir='ltr'>pugnavimus</span> <span class='ocrx_word' id='word_1_74' title='bbox 624 1487 822 1570; x_wconf 83' lang='lat' dir='ltr'>rationibus,</span> <span class='ocrx_word' id='word_1_75' title='bbox 836 1486 1016 1579; x_wconf 85' lang='lat' dir='ltr'>etquidem</span> <span class='ocrx_word' id='word_1_76' title='bbox 1026 1489 1262 1572; x_wconf 80' lang='lat' dir='ltr'>invictissimis,</span> <span class='ocrx_word' id='word_1_77' title='bbox 1276 1513 1341 1554; x_wconf 88' lang='lat' dir='ltr'>non</span> 
     </span>
     <span class='ocr_line' id='line_1_11' title="bbox 294 1597 1343 1692; baseline -0.007 -24"><span class='ocrx_word' id='word_1_78' title='bbox 294 1621 392 1692; x_wconf 79' lang='lat' dir='ltr'>posse</span> <span class='ocrx_word' id='word_1_79' title='bbox 411 1598 455 1664; x_wconf 86' lang='lat' dir='ltr'>ita</span> <span class='ocrx_word' id='word_1_80' title='bbox 472 1619 559 1678; x_wconf 89' lang='lat' dir='ltr'>esse,</span> <span class='ocrx_word' id='word_1_81' title='bbox 577 1618 681 1685; x_wconf 90' lang='lat' dir='ltr'>quum</span> <span class='ocrx_word' id='word_1_82' title='bbox 697 1613 747 1662; x_wconf 92' lang='lat' dir='ltr'>tot</span> <span class='ocrx_word' id='word_1_83' title='bbox 763 1613 957 1686; x_wconf 78' lang='lat' dir='ltr'>argumenta</span> <span class='ocrx_word' id='word_1_84' title='bbox 972 1598 1051 1678; x_wconf 88' lang='lat' dir='ltr'>sint,</span> <span class='ocrx_word' id='word_1_85' title='bbox 1073 1597 1194 1686; x_wconf 87' lang='lat' dir='ltr'>quibus</span> <span class='ocrx_word' id='word_1_86' title='bbox 1210 1597 1343 1688; x_wconf 84' lang='lat' dir='ltr'>probari</span> 
     </span>
     <span class='ocr_line' id='line_1_12' title="bbox 296 1703 1344 1797; baseline -0.004 -25"><span class='ocrx_word' id='word_1_87' title='bbox 296 1721 410 1797; x_wconf 80' lang='lat' dir='ltr'>queat,</span> <span class='ocrx_word' id='word_1_88' title='bbox 438 1727 515 1770; x_wconf 90' lang='lat' dir='ltr'>eum</span> <span class='ocrx_word' id='word_1_89' title='bbox 539 1703 715 1772; x_wconf 77' lang='lat' dir='ltr'>Manilium</span> <span class='ocrx_word' id='word_1_90' title='bbox 742 1704 861 1770; x_wconf 86' lang='lat' dir='ltr'>vixisse</span> <span class='ocrx_word' id='word_1_91' title='bbox 888 1703 950 1770; x_wconf 89' lang='lat' dir='ltr'>sub</span> <span class='ocrx_word' id='word_1_92' title='bbox 972 1707 1131 1792; x_wconf 77' lang='lat' dir='ltr'>Augusto.</span> <span class='ocrx_word' id='word_1_93' title='bbox 1169 1704 1344 1794; x_wconf 84' lang='lat' dir='ltr'>Exemplar</span> 
     </span>
     <span class='ocr_line' id='line_1_13' title="bbox 295 1809 1345 1902; baseline -0.004 -24"><span class='ocrx_word' id='word_1_94' title='bbox 295 1835 412 1902; x_wconf 83' lang='lat' dir='ltr'>porro,</span> <span class='ocrx_word' id='word_1_95' title='bbox 429 1811 521 1882; x_wconf 86' lang='lat' dir='ltr'>uude</span> <span class='ocrx_word' id='word_1_96' title='bbox 531 1811 720 1900; x_wconf 82' lang='lat' dir='ltr'>Ampelium</span> <span class='ocrx_word' id='word_1_97' title='bbox 736 1809 911 1902; x_wconf 83' lang='lat' dir='ltr'>descripsi,</span> <span class='ocrx_word' id='word_1_98' title='bbox 931 1810 973 1876; x_wconf 89' lang='lat' dir='ltr'>ab</span> <span class='ocrx_word' id='word_1_99' title='bbox 988 1811 1141 1900; x_wconf 90' lang='lat' dir='ltr'>imperito</span> <span class='ocrx_word' id='word_1_100' title='bbox 1155 1810 1288 1876; x_wconf 88' lang='lat' dir='ltr'>librario</span> <span class='ocrx_word' id='word_1_101' title='bbox 1300 1811 1345 1874; x_wconf 87' lang='lat' dir='ltr'>vi-</span> 
     </span>
     <span class='ocr_line' id='line_1_14' title="bbox 297 1910 1408 2005; baseline -0.004 -21"><span class='ocrx_word' id='word_1_102' title='bbox 297 1919 474 1992; x_wconf 88' lang='lat' dir='ltr'>tiosissime</span> <span class='ocrx_word' id='word_1_103' title='bbox 486 1918 646 2005; x_wconf 83' lang='lat' dir='ltr'>scriptum</span> <span class='ocrx_word' id='word_1_104' title='bbox 659 1915 761 1982; x_wconf 83' lang='lat' dir='ltr'>fuisse</span> <span class='ocrx_word' id='word_1_105' title='bbox 772 1915 920 1983; x_wconf 89' lang='lat' dir='ltr'>indicare</span> <span class='ocrx_word' id='word_1_106' title='bbox 931 1915 986 1982; x_wconf 89' lang='lat' dir='ltr'>hic</span> <span class='ocrx_word' id='word_1_107' title='bbox 997 1914 1120 1994; x_wconf 88' lang='lat' dir='ltr'>debeo,</span> <span class='ocrx_word' id='word_1_108' title='bbox 1134 1939 1191 1994; x_wconf 91' lang='lat' dir='ltr'>ue,</span> <span class='ocrx_word' id='word_1_109' title='bbox 1206 1915 1263 2004; x_wconf 93' lang='lat' dir='ltr'>qui</span> <span class='ocrx_word' id='word_1_110' title='bbox 1277 1931 1344 1980; x_wconf 89' lang='lat' dir='ltr'>tam</span> <span class='ocrx_word' id='word_1_111' title='bbox 1406 1910 1408 1915; x_wconf 69' lang='grc'><strong>’</strong></span> 
     </span>
     <span class='ocr_line' id='line_1_15' title="bbox 296 2023 1345 2114; baseline -0.006 -22"><span class='ocrx_word' id='word_1_112' title='bbox 296 2028 417 2110; x_wconf 81' lang='lat' dir='ltr'>multas</span> <span class='ocrx_word' id='word_1_113' title='bbox 431 2024 541 2097; x_wconf 80' lang='lat' dir='ltr'>adhuc</span> <span class='ocrx_word' id='word_1_114' title='bbox 553 2047 727 2114; x_wconf 85' lang='lat' dir='ltr'>superesse</span> <span class='ocrx_word' id='word_1_115' title='bbox 745 2025 778 2089; x_wconf 87' lang='lat' dir='ltr'>iu</span> <span class='ocrx_word' id='word_1_116' title='bbox 792 2048 833 2091; x_wconf 91' lang='lat' dir='ltr'>eo</span> <span class='ocrx_word' id='word_1_117' title='bbox 850 2024 987 2091; x_wconf 88' lang='lat' dir='ltr'>mendas</span> <span class='ocrx_word' id='word_1_118' title='bbox 1001 2023 1245 2102; x_wconf 88' lang='lat' dir='ltr'>animadvertit,</span> <span class='ocrx_word' id='word_1_119' title='bbox 1262 2023 1345 2088; x_wconf 91' lang='lat' dir='ltr'>nihil</span> 
     </span>
     <span class='ocr_line' id='line_1_16' title="bbox 296 2131 1345 2225; baseline -0.007 -23"><span class='ocrx_word' id='word_1_120' title='bbox 296 2159 315 2202; x_wconf 89' lang='lat' dir='ltr'>a</span> <span class='ocrx_word' id='word_1_121' title='bbox 337 2136 449 2214; x_wconf 89' lang='lat' dir='ltr'>nobis,</span> <span class='ocrx_word' id='word_1_122' title='bbox 472 2132 584 2225; x_wconf 91' lang='lat' dir='ltr'>quoad</span> <span class='ocrx_word' id='word_1_123' title='bbox 606 2131 888 2213; x_wconf 84' lang='lat' dir='ltr'>emendationem,</span> <span class='ocrx_word' id='word_1_124' title='bbox 911 2134 1096 2222; x_wconf 74' lang='lat' dir='ltr'>praestitum</span> <span class='ocrx_word' id='word_1_125' title='bbox 1117 2155 1188 2198; x_wconf 87' lang='lat' dir='ltr'>esse</span> <span class='ocrx_word' id='word_1_126' title='bbox 1209 2154 1345 2225; x_wconf 77' lang='lat' dir='ltr'>arguere</span> 
     </span>
     <span class='ocr_line' id='line_1_17' title="bbox 296 2239 1345 2332; baseline -0.007 -23"><span class='ocrx_word' id='word_1_127' title='bbox 296 2245 412 2332; x_wconf 83' lang='lat' dir='ltr'>possit.</span> <span class='ocrx_word' id='word_1_128' title='bbox 435 2245 511 2308; x_wconf 83' lang='lat' dir='ltr'>Non</span> <span class='ocrx_word' id='word_1_129' title='bbox 532 2242 689 2330; x_wconf 86' lang='lat' dir='ltr'>pauciora</span> <span class='ocrx_word' id='word_1_130' title='bbox 708 2242 744 2305; x_wconf 91' lang='lat' dir='ltr'>in</span> <span class='ocrx_word' id='word_1_131' title='bbox 768 2241 825 2307; x_wconf 90' lang='lat' dir='ltr'>illo</span> <span class='ocrx_word' id='word_1_132' title='bbox 846 2239 961 2312; x_wconf 88' lang='lat' dir='ltr'>codice</span> <span class='ocrx_word' id='word_1_133' title='bbox 986 2259 1091 2305; x_wconf 81' lang='lat' dir='ltr'>enata</span> <span class='ocrx_word' id='word_1_134' title='bbox 1114 2242 1224 2322; x_wconf 83' lang='lat' dir='ltr'>fuere,</span> <span class='ocrx_word' id='word_1_135' title='bbox 1249 2263 1345 2331; x_wconf 90' lang='lat' dir='ltr'>quam</span> 
     </span>
     <span class='ocr_line' id='line_1_18' title="bbox 296 2347 1346 2440; baseline -0.004 -26"><span class='ocrx_word' id='word_1_136' title='bbox 296 2349 409 2430; x_wconf 83' lang='lat' dir='ltr'>verba.</span> <span class='ocrx_word' id='word_1_137' title='bbox 421 2351 503 2432; x_wconf 72' lang='lat' dir='ltr'>Quae</span> <span class='ocrx_word' id='word_1_138' title='bbox 515 2361 698 2440; x_wconf 83' lang='lat' dir='ltr'>potuerunt</span> <span class='ocrx_word' id='word_1_139' title='bbox 711 2349 914 2438; x_wconf 77' lang='lat' dir='ltr'>sine&#39;magno</span> <span class='ocrx_word' id='word_1_140' title='bbox 926 2347 1061 2438; x_wconf 78' lang='lat' dir='ltr'>negotio</span> <span class='ocrx_word' id='word_1_141' title='bbox 1075 2363 1109 2414; x_wconf 86' lang='lat' dir='ltr'>et</span> <span class='ocrx_word' id='word_1_142' title='bbox 1120 2349 1201 2414; x_wconf 82' lang='lat' dir='ltr'>eiua</span> <span class='ocrx_word' id='word_1_143' title='bbox 1212 2348 1346 2412; x_wconf 88' lang='lat' dir='ltr'>nimiam</span> 
     </span>
     <span class='ocr_line' id='line_1_19' title="bbox 298 2454 1348 2544; baseline -0.004 -24"><span class='ocrx_word' id='word_1_144' title='bbox 298 2455 486 2523; x_wconf 84' lang='lat' dir='ltr'>libertatem</span> <span class='ocrx_word' id='word_1_145' title='bbox 499 2454 662 2544; x_wconf 79' lang='lat' dir='ltr'>castigari,</span> <span class='ocrx_word' id='word_1_146' title='bbox 678 2478 716 2520; x_wconf 88' lang='lat' dir='ltr'>ea</span> <span class='ocrx_word' id='word_1_147' title='bbox 728 2457 929 2522; x_wconf 87' lang='lat' dir='ltr'>correximus</span> <span class='ocrx_word' id='word_1_148' title='bbox 944 2456 1065 2520; x_wconf 85' lang='lat' dir='ltr'>omnia.</span> <span class='ocrx_word' id='word_1_149' title='bbox 1081 2455 1222 2522; x_wconf 90' lang='lat' dir='ltr'>Plurima</span> <span class='ocrx_word' id='word_1_150' title='bbox 1236 2471 1348 2520; x_wconf 86' lang='lat' dir='ltr'>tamen</span> 
     </span>
     <span class='ocr_line' id='line_1_20' title="bbox 299 2561 1347 2652; baseline -0.007 -24"><span class='ocrx_word' id='word_1_151' title='bbox 299 2565 399 2630; x_wconf 86' lang='lat' dir='ltr'>etiam</span> <span class='ocrx_word' id='word_1_152' title='bbox 416 2562 625 2652; x_wconf 90' lang='lat' dir='ltr'>reliquimus,</span> <span class='ocrx_word' id='word_1_153' title='bbox 644 2583 719 2651; x_wconf 83' lang='lat' dir='ltr'>quae</span> <span class='ocrx_word' id='word_1_154' title='bbox 733 2561 928 2626; x_wconf 84' lang='lat' dir='ltr'>facillimum</span> <span class='ocrx_word' id='word_1_155' title='bbox 941 2577 1011 2626; x_wconf 89' lang='lat' dir='ltr'>erat</span> <span class='ocrx_word' id='word_1_156' title='bbox 1023 2561 1210 2640; x_wconf 87' lang='lat' dir='ltr'>restituere,</span> <span class='ocrx_word' id='word_1_157' title='bbox 1229 2576 1263 2625; x_wconf 89' lang='lat' dir='ltr'>et</span> <span class='ocrx_word' id='word_1_158' title='bbox 1276 2581 1347 2622; x_wconf 91' lang='lat' dir='ltr'>mu-</span> 
     </span>
     <span class='ocr_line' id='line_1_21' title="bbox 300 2667 1347 2760; baseline -0.005 -24"><span class='ocrx_word' id='word_1_159' title='bbox 300 2670 362 2736; x_wconf 87' lang='lat' dir='ltr'>tari</span> <span class='ocrx_word' id='word_1_160' title='bbox 378 2685 451 2736; x_wconf 84' lang='lat' dir='ltr'>tuto</span> <span class='ocrx_word' id='word_1_161' title='bbox 470 2684 638 2760; x_wconf 84' lang='lat' dir='ltr'>poterant;</span> <span class='ocrx_word' id='word_1_162' title='bbox 660 2667 720 2734; x_wconf 90' lang='lat' dir='ltr'>sed</span> <span class='ocrx_word' id='word_1_163' title='bbox 736 2668 856 2734; x_wconf 87' lang='lat' dir='ltr'>intacta</span> <span class='ocrx_word' id='word_1_164' title='bbox 873 2668 951 2735; x_wconf 89' lang='lat' dir='ltr'>ideo</span> <span class='ocrx_word' id='word_1_165' title='bbox 967 2668 1252 2757; x_wconf 76' lang='lat' dir='ltr'>praetermisimus,</span> <span class='ocrx_word' id='word_1_166' title='bbox 1272 2667 1347 2757; x_wconf 89' lang='lat' dir='ltr'>quia</span> 
     </span>
     <span class='ocr_line' id='line_1_22' title="bbox 300 2774 1349 2857; baseline -0.007 -13"><span class='ocrx_word' id='word_1_167' title='bbox 300 2793 429 2844; x_wconf 89' lang='lat' dir='ltr'>tantum</span> <span class='ocrx_word' id='word_1_168' title='bbox 442 2774 542 2857; x_wconf 46' lang='lat' dir='ltr'>‚nobis</span> <span class='ocrx_word' id='word_1_169' title='bbox 558 2774 657 2841; x_wconf 89' lang='lat' dir='ltr'>licere</span> <span class='ocrx_word' id='word_1_170' title='bbox 672 2774 855 2855; x_wconf 86' lang='lat' dir='ltr'>noluimus,</span> <span class='ocrx_word' id='word_1_171' title='bbox 873 2791 907 2839; x_wconf 89' lang='lat' dir='ltr'>et</span> <span class='ocrx_word' id='word_1_172' title='bbox 923 2797 991 2840; x_wconf 89' lang='lat' dir='ltr'>non</span> <span class='ocrx_word' id='word_1_173' title='bbox 1007 2776 1088 2840; x_wconf 84' lang='lat' dir='ltr'>tanti</span> <span class='ocrx_word' id='word_1_174' title='bbox 1099 2776 1167 2840; x_wconf 83' lang='lat' dir='ltr'>visa</span> <span class='ocrx_word' id='word_1_175' title='bbox 1182 2791 1258 2840; x_wconf 90' lang='lat' dir='ltr'>sunt</span> <span class='ocrx_word' id='word_1_176' title='bbox 1268 2796 1349 2839; x_wconf 90' lang='lat' dir='ltr'>non·</span> 
     </span>
    </p>
   </div>
   <div class='ocr_carea' id='block_1_3' title="bbox 264 2881 1350 3610">
    <p class='ocr_par' dir='ltr' id='par_1_3' title="bbox 300 2881 1350 3184">
     <span class='ocr_line' id='line_1_23' title="bbox 300 2881 1350 2972; baseline -0.003 -25"><span class='ocrx_word' id='word_1_177' title='bbox 300 2881 391 2950; x_wconf 90' lang='lat' dir='ltr'>nulla</span> <span class='ocrx_word' id='word_1_178' title='bbox 404 2905 534 2962; x_wconf 85' lang='lat' dir='ltr'>eorum,</span> <span class='ocrx_word' id='word_1_179' title='bbox 550 2898 588 2946; x_wconf 90' lang='lat' dir='ltr'>ut</span> <span class='ocrx_word' id='word_1_180' title='bbox 600 2883 795 2972; x_wconf 85' lang='lat' dir='ltr'>scripturam</span> <span class='ocrx_word' id='word_1_181' title='bbox 806 2897 953 2946; x_wconf 73' lang='lat' dir='ltr'>veterem</span> <span class='ocrx_word' id='word_1_182' title='bbox 968 2881 1209 2946; x_wconf 84' lang='lat' dir='ltr'>sollicitandam</span> <span class='ocrx_word' id='word_1_183' title='bbox 1222 2897 1350 2970; x_wconf 89' lang='lat' dir='ltr'>putare·</span> 
     </span>
     <span class='ocr_line' id='line_1_24' title="bbox 300 2977 1349 3077; baseline -0.005 -23"><span class='ocrx_word' id='word_1_184' title='bbox 300 3009 385 3056; x_wconf 80' lang='lat' dir='ltr'>mua.</span> <span class='ocrx_word' id='word_1_185' title='bbox 405 2986 590 3064; x_wconf 82' lang='lat' dir='ltr'>Fatendum</span> <span class='ocrx_word' id='word_1_186' title='bbox 612 2977 675 3069; x_wconf 80' lang='lat' dir='ltr'>est,</span> <span class='ocrx_word' id='word_1_187' title='bbox 694 3003 727 3054; x_wconf 89' lang='lat' dir='ltr'>at</span> <span class='ocrx_word' id='word_1_188' title='bbox 745 3011 813 3052; x_wconf 93' lang='lat' dir='ltr'>non</span> <span class='ocrx_word' id='word_1_189' title='bbox 831 3009 935 3077; x_wconf 84' lang='lat' dir='ltr'>pauca</span> <span class='ocrx_word' id='word_1_190' title='bbox 952 2985 1083 3066; x_wconf 88' lang='lat' dir='ltr'>haberi,</span> <span class='ocrx_word' id='word_1_191' title='bbox 1104 3009 1180 3077; x_wconf 86' lang='lat' dir='ltr'>quae</span> <span class='ocrx_word' id='word_1_192' title='bbox 1197 2987 1268 3052; x_wconf 89' lang='lat' dir='ltr'>sine</span> <span class='ocrx_word' id='word_1_193' title='bbox 1285 3009 1349 3075; x_wconf 91' lang='lat' dir='ltr'>ope</span> 
     </span>
     <span class='ocr_line' id='line_1_25' title="bbox 300 3092 1225 3184; baseline -0.004 -24"><span class='ocrx_word' id='word_1_194' title='bbox 300 3094 448 3160; x_wconf 85' lang='lat' dir='ltr'>melioris</span> <span class='ocrx_word' id='word_1_195' title='bbox 460 3092 591 3160; x_wconf 91' lang='lat' dir='ltr'>Codicis</span> <span class='ocrx_word' id='word_1_196' title='bbox 603 3094 658 3159; x_wconf 82' lang='lat' dir='ltr'>vix</span> <span class='ocrx_word' id='word_1_197' title='bbox 668 3117 687 3160; x_wconf 93' lang='lat' dir='ltr'>a</span> <span class='ocrx_word' id='word_1_198' title='bbox 699 3113 867 3184; x_wconf 89' lang='lat' dir='ltr'>quoquam</span> <span class='ocrx_word' id='word_1_199' title='bbox 880 3093 1008 3182; x_wconf 87' lang='lat' dir='ltr'>possint</span> <span class='ocrx_word' id='word_1_200' title='bbox 1020 3093 1198 3159; x_wconf 87' lang='lat' dir='ltr'>emendari.</span> <span class='ocrx_word' id='word_1_201' title='bbox 1212 3121 1225 3150; x_wconf 77' lang='grc' dir='ltr'><strong>ν</strong></span> 
     </span>
    </p>

    <p class='ocr_par' dir='ltr' id='par_1_4' title="bbox 264 3199 1350 3610">
     <span class='ocr_line' id='line_1_26' title="bbox 264 3199 1348 3290; baseline -0.005 -23"><span class='ocrx_word' id='word_1_202' title='bbox 264 3284 266 3287; x_wconf 15' lang='lat'><strong><em>¹</em></strong></span> <span class='ocrx_word' id='word_1_203' title='bbox 346 3202 421 3266; x_wconf 85' lang='lat' dir='ltr'>Huc</span> <span class='ocrx_word' id='word_1_204' title='bbox 430 3223 538 3290; x_wconf 86' lang='lat' dir='ltr'>nsque</span> <span class='ocrx_word' id='word_1_205' title='bbox 550 3200 747 3266; x_wconf 69' lang='lat' dir='ltr'>smarnos.</span> <span class='ocrx_word' id='word_1_206' title='bbox 759 3200 881 3288; x_wconf 82' lang='lat' dir='ltr'>Accipe</span> <span class='ocrx_word' id='word_1_207' title='bbox 895 3200 1011 3289; x_wconf 79' lang='lat' dir='ltr'>igitur,</span> <span class='ocrx_word' id='word_1_208' title='bbox 1027 3202 1181 3265; x_wconf 81' lang='lat' dir='ltr'>Eaunrra</span> <span class='ocrx_word' id='word_1_209' title='bbox 1195 3199 1348 3278; x_wconf 78' lang='lat' dir='ltr'>Laeron,</span> 
     </span>
     <span class='ocr_line' id='line_1_27' title="bbox 300 3305 1350 3395; baseline -0.006 -19"><span class='ocrx_word' id='word_1_210' title='bbox 300 3309 405 3385; x_wconf 88' lang='lat' dir='ltr'>hunc,</span> <span class='ocrx_word' id='word_1_211' title='bbox 426 3329 526 3395; x_wconf 88' lang='lat' dir='ltr'>quem</span> <span class='ocrx_word' id='word_1_212' title='bbox 540 3305 600 3372; x_wconf 90' lang='lat' dir='ltr'>tibi</span> <span class='ocrx_word' id='word_1_213' title='bbox 616 3305 671 3370; x_wconf 83' lang='lat' dir='ltr'>hic</span> <span class='ocrx_word' id='word_1_214' title='bbox 685 3307 843 3389; x_wconf 89' lang='lat' dir='ltr'>sistimus,</span> <span class='ocrx_word' id='word_1_215' title='bbox 863 3310 1054 3389; x_wconf 85' lang='lat' dir='ltr'>Auctorem,</span> <span class='ocrx_word' id='word_1_216' title='bbox 1075 3329 1142 3374; x_wconf 92' lang='lat' dir='ltr'>nou</span> <span class='ocrx_word' id='word_1_217' title='bbox 1165 3305 1350 3395; x_wconf 73' lang='lat' dir='ltr'>elegantem</span> 
     </span>
     <span class='ocr_line' id='line_1_28' title="bbox 301 3409 1347 3501; baseline -0.004 -23"><span class='ocrx_word' id='word_1_218' title='bbox 301 3412 427 3494; x_wconf 81' lang='lat' dir='ltr'>miuus,</span> <span class='ocrx_word' id='word_1_219' title='bbox 450 3433 550 3500; x_wconf 88' lang='lat' dir='ltr'>quam</span> <span class='ocrx_word' id='word_1_220' title='bbox 573 3409 728 3479; x_wconf 84' lang='lat' dir='ltr'>brevem:</span> <span class='ocrx_word' id='word_1_221' title='bbox 750 3428 850 3501; x_wconf 88' lang='lat' dir='ltr'>atque</span> <span class='ocrx_word' id='word_1_222' title='bbox 872 3432 1008 3479; x_wconf 89' lang='lat' dir='ltr'>conatus</span> <span class='ocrx_word' id='word_1_223' title='bbox 1027 3429 1172 3494; x_wconf 84' lang='lat' dir='ltr'>nostros,</span> <span class='ocrx_word' id='word_1_224' title='bbox 1192 3411 1234 3477; x_wconf 91' lang='lat' dir='ltr'>ad</span> <span class='ocrx_word' id='word_1_225' title='bbox 1255 3411 1347 3501; x_wconf 80' lang='lat' dir='ltr'>Reip.</span> 
     </span>
     <span class='ocr_line' id='line_1_29' title="bbox 301 3515 1065 3610; baseline -0.005 -20"><span class='ocrx_word' id='word_1_226' title='bbox 301 3518 454 3590; x_wconf 72' lang='lat' dir='ltr'>uterinae</span> <span class='ocrx_word' id='word_1_227' title='bbox 465 3517 592 3584; x_wconf 88' lang='lat' dir='ltr'>bonum</span> <span class='ocrx_word' id='word_1_228' title='bbox 604 3515 801 3601; x_wconf 84' lang='lat' dir='ltr'>destinatos,</span> <span class='ocrx_word' id='word_1_229' title='bbox 814 3518 943 3610; x_wconf 86' lang='lat' dir='ltr'>adjuva.</span> <span class='ocrx_word' id='word_1_230' title='bbox 958 3521 1065 3586; x_wconf 75' lang='lat' dir='ltr'>vim.</span> 
     </span>
    </p>
   </div>
   <div class='ocr_carea' id='block_1_4' title="bbox 0 0 1592 4958">
    <p class='ocr_par' dir='ltr' id='par_1_5' title="bbox 0 0 1592 4958">
     <span class='ocr_line' id='line_1_30' title="bbox 0 0 1592 4958; baseline 0 0"><span class='ocrx_word' id='word_1_231' title='bbox 0 0 1592 4958; x_wconf 95' lang='lat' dir='ltr'> </span> 
     </span>
    </p>
   </div>
  </div>
 </body>
</html>
