3156 4950
480 540 481 548 ,
527 482 673 548 LIBER
695 482 963 550 SECUNDUS.
1164 475 1167 484 ’
1210 484 1268 568 ¹73

221 608 329 697 dinIs,
344 634 450 698 auro,
467 634 645 709 purpura,
662 626 828 710 argento,
847 625 882 684 et
897 636 960 681 suo
976 608 1085 681 ebore
1104 608 1267 708 fulgenti·

220 722 302 811 bus,
320 727 434 795 aciem
452 728 633 824 utrimque
645 722 850 822 vallaverat.
866 722 935 796 Sed
953 720 1026 798 baec
1041 729 1162 796 omnia
1176 749 1269 823 prae-
1292 753 1322 810 ¹⁷

220 837 341 937 pedita
361 837 603 937 magnitudine
627 865 709 928 sua3
734 838 780 912 ad
807 838 877 912 hoc
904 837 1039 930 imbre,
1065 845 1126 940 qui
1152 839 1269 912 subito

218 951 438 1051 superfusus,
456 957 547 1026 mira
563 952 733 1026 felicitate
747 957 906 1027 Persicos
921 979 1022 1026 arcus
1037 970 1266 1053 corruperat:

218 1063 378 1165 primum
391 1067 605 1165 trepidatio,
617 1093 702 1139 mox
718 1067 819 1166 fuga,
839 1065 968 1139 debinc
986 1065 1186 1167 triumphus
1201 1066 1272 1140 fue

219 1199 312 1254 runt.
329 1184 434 1254 Victo
449 1198 484 1254 et
495 1181 647 1280 supplici
662 1207 790 1280 pacem
806 1198 912 1281 atquc
926 1198 1066 1279 partem
1078 1187 1177 1281 regni
1189 1180 1267 1255 dari
1291 1197 1323 1251 ιε

219 1296 370 1396 placuit,
385 1323 429 1370 eo
442 1295 625 1388 libentius,
639 1296 739 1397 quod
751 1312 826 1369 tam
838 1296 941 1370 facile
955 1301 1120 1370 cessisset

226 1573 1266 1598 mmmfflfflwummfflmwmt
1359 1585 1366 1597 e

710 1763 785 1840 IX.

390 2057 391 2060 ,
462 1985 678 2057 BELLUM
702 1983 1032 2058 AETolncUtut

273 2169 445 2268 Syriatico
471 2167 567 2242 bello
597 2173 782 2261 successit,
804 2185 843 2242 ut
872 2167 1046 2256 debebat,
1070 2163 1272 2239 AEtolicum.
1312 2209 1322 2243 1

223 2283 329 2356 Victo
351 2289 486 2383 quippe
502 2283 700 2372 Antiocho,
717 2287 898 2358 Romanus
914 2283 1010 2356 faces
1027 2284 1173 2354 Asiatici
1189 2280 1274 2354 belli

223 2399 513 2499 persequebatur.
531 2403 625 2501 Ergo
651 2401 679 2470 F
680 2399 774 2473 ulvio
798 2398 975 2473 Nobiliori
995 2398 1163 2472 mandata
1185 2396 1273 2469 ultio
1309 2429 1326 2501 ,²

223 2531 286 2586 est.
305 2516 374 2588 Hic
393 2521 571 2615 protinus,
592 2533 700 2617 caput
722 2521 850 2617 gentis,
873 2515 1119 2603 Ambraciam,
1139 2517 1276 2612 regiam

223 2629 366 2728 Pyrrhi,
383 2632 556 2706 machinis
580 2637 705 2734 quatit.
725 2635 853 2706 Secuta
872 2633 1008 2706 deditio
1033 2648 1095 2704 est.
1116 2630 1276 2701 Aderant
1311 2651 1328 2707 3

223 2741 424 2815 AEtolorum
444 2747 611 2842 precibus
627 2749 755 2839 Attici,
775 2746 926 2820 Rhodii:
949 2763 985 2819 et
1001 2747 1277 2817 memineramus

225 2855 356 2966 auxilii
379 2858 435 2928 Sic
456 2856 593 2956 placuit
612 2864 818 2957 ignoscere:
834 2865 961 2960 serpsit
981 2877 1101 2932 tamen
1120 2855 1222 2928 latius
1240 2861 1276 2928 in
1313 2877 1331 2946 4

261 3051 271 3074 “
292 3051 351 3104 Car.
374 3052 419 3104 IX.
444 3053 551 3106 Bsrcutr
574 3055 729 3107 AErotrcuu.
771 3057 828 3126 prio
840 3073 894 3108 non
909 3068 966 3108 erat
978 3053 1140 3119 AEtolorum,
1154 3050 1201 3105 sed
1214 3051 1278 3105 urbs

223 3131 303 3184 Anno
315 3130 396 3183 Urbis
410 3129 477 3199 565,
493 3145 554 3184 ante
569 3135 598 3186 C.
614 3135 647 3184 N.
665 3134 730 3204 1893
770 3134 847 3205 Epiri
866 3134 899 3186 ad
916 3133 1091 3187 Arethontem
1107 3133 1231 3198 fluvium,
1251 3143 1278 3184 et

224 3227 293 3262 coss.
314 3211 351 3262 M.
371 3209 465 3262 Fulvio
485 3211 631 3278 Nobiliori,
650 3212 731 3264 Gnaeo
772 3215 861 3272 sinum
870 3215 1024 3288 maris,qui
1034 3213 1069 3266 ab
1078 3232 1108 3266 ea
1120 3211 1278 3264 Ambracius

223 3289 323 3343 Manlio
339 3291 468 3344 Vulsone.
485 3293 544 3343 Iloc
563 3291 664 3344 bellum
682 3291 731 3343 dc·
772 3292 878 3345 dicitur.
893 3295 987 3364 itaquo
1001 3305 1028 3346 ot
1042 3293 1105 3344 olim
1118 3291 1187 3362 regis
1202 3289 1276 3361 Epiri

226 3370 344 3424 scribunt
365 3375 470 3440 Livius,
492 3372 562 3425 libro
581 3373 715 3425 XXXVIII
722 3395 731 3438 ς
772 3373 845 3443 regia
857 3373 954 3425 fuerat.
968 3371 1019 3426 Sed
1032 3386 1088 3424 tum
1099 3371 1157 3442 ipsa
1172 3386 1201 3422 so
1215 3385 1277 3419 cor-

225 3449 439 3516 Justiu.XXXll;
449 3454 598 3524 Appianus,
609 3453 730 3526 Syriaco,
771 3453 833 3523 pori
850 3452 998 3505 AEtolorum
1015 3449 1205 3504 contribuerat.
1219 3447 1275 3498 Liv.

226 3530 338 3599 Eutrop.
357 3531 401 3593 IV,
425 3549 452 3596 ¹3
472 3533 595 3586 Aurelius
613 3533 646 3586 de
662 3535 731 3586 Viris
770 3529 912 3584 XXXVIII.

226 3605 325 3658 Illustr.
337 3623 397 3679 cap.
408 3608 455 3674 52;
466 3609 499 3662 de
510 3612 604 3664 AEtolia
617 3613 730 3680 Plinius,
806 3611 832 3665 3.
853 3611 972 3664 Aderant
989 3607 1139 3662 AEtolonrm
1160 3605 1277 3676 precibus

227 3689 272 3755 IV,
286 3705 315 3752 κ
328 3687 440 3754 Strabo,
452 3690 484 3740 X.
498 3691 609 3746 Causas.
770 3691 866 3755 Attici,
878 3687 982 3742 Rhodii.
993 3687 1023 3739 ld
1034 3701 1088 3752 est,
1100 3685 1195 3748 Attici,
1205 3681 1277 3734 Itho-

268 3768 679 3836 1.Faces.Hoccst,auctores;
697 3771 731 3824 de
771 3769 824 3837 dii,
847 3776 941 3842 p'rcces
959 3767 1109 3839 jungebant
1131 3761 1278 3816 AEtolorum

229 3846 326 3917 quibus
341 3865 436 3918 supra,
452 3850 490 3913 Il,
507 3849 539 3915 8,
554 3849 585 3912 5;
603 3849 670 3902 addc
687 3867 732 3901 su·
772 3847 906 3918 precibus.
925 3876 962 3887 -
977 3844 1091 3896 Auxilii.
1110 3845 1160 3896 Cui
1179 3841 1277 3894 auxilio

229 3943 293 3997 pra,
308 3927 334 3990 l,
352 3942 398 3994 19,
414 3943 434 3977 r.
450 3927 538 3979 Livius
552 3928 619 3994 XX,
637 3944 683 3994 ro,
698 3927 732 3980 dc
772 3939 875 3978 tantum
892 3924 1003 3989 tribuit,
1020 3923 1146 3988 XXXVI,
1163 3939 1189 3992 7,
1207 3938 1232 3991 7,
1251 3934 1278 3974 ct

229 4003 462 4074 Annibale,quem
473 4018 553 4057 vocat
567 4005 683 4058 «iuriam
695 4007 733 4058 ia·
772 4005 830 4075 ipsc
844 4002 949 4068 Livius,
965 4003 1091 4070 XXXIII,
1104 4013 1133 4052 ut
1149 4001 1174 4053 ei
1191 4002 1276 4053 ricto·

233 4101 366 4154 «remque
377 4083 456 4154 hujus
467 4083 540 4136 belli.
552 4107 563 4130 ι
774 4086 841 4136 riam
852 4083 1032 4135 Romanorum
1044 4084 1165 4154 imputet.

266 4180 290 4216 a.
310 4163 484 4216 Ambraciam.
506 4162 649 4216 Ambracia
671 4180 735 4234 pro·
811 4163 836 4231 I.
863 4163 958 4234 Serpsit
986 4172 1072 4214 tamea
1097 4153 1195 4224 Ἱππὼ,
1225 4171 1275 4210 etc.
