<?xml version="1.0" encoding="UTF-8"?>
<!DOCTYPE html PUBLIC "-//W3C//DTD XHTML 1.0 Transitional//EN"
    "http://www.w3.org/TR/xhtml1/DTD/xhtml1-transitional.dtd">
<html xmlns="http://www.w3.org/1999/xhtml" xml:lang="en" lang="en">
 <head>
  <title>
</title>
<meta http-equiv="Content-Type" content="text/html;charset=utf-8" />
  <meta name='ocr-system' content='tesseract 3.04.00' />
  <meta name='ocr-capabilities' content='ocr_page ocr_carea ocr_par ocr_line ocrx_word'/>
</head>
<body>
  <div class='ocr_page' id='page_1' title='image "./luciiannaeiflor00lemagoog_0359.png"; bbox 0 0 3142 4958; ppageno 0'>
   <div class='ocr_carea' id='block_1_1' title="bbox 278 325 1024 442">
    <p class='ocr_par' dir='ltr' id='par_1_1' title="bbox 278 325 1024 442">
     <span class='ocr_line' id='line_1_1' title="bbox 278 325 1024 442; baseline -0.001 -16"><span class='ocrx_word' id='word_1_1' title='bbox 278 359 342 442; x_wconf 70' lang='lat' dir='ltr'><strong>ara</strong></span> <span class='ocrx_word' id='word_1_2' title='bbox 618 345 987 426; x_wconf 72' lang='lat' dir='ltr'><strong>noetianorum</strong></span> <span class='ocrx_word' id='word_1_3' title='bbox 1022 325 1024 328; x_wconf 64' lang='grc'><strong>’</strong></span> 
     </span>
    </p>
   </div>
   <div class='ocr_carea' id='block_1_2' title="bbox 277 481 1330 699">
    <p class='ocr_par' dir='ltr' id='par_1_2' title="bbox 277 481 1330 699">
     <span class='ocr_line' id='line_1_2' title="bbox 278 481 1330 584; baseline 0.005 -29"><span class='ocrx_word' id='word_1_4' title='bbox 278 482 414 573; x_wconf 87' lang='lat' dir='ltr'><strong>Getuli,</strong></span> <span class='ocrx_word' id='word_1_5' title='bbox 436 484 688 574; x_wconf 82' lang='lat' dir='ltr'><strong>Garamantes,</strong></span> <span class='ocrx_word' id='word_1_6' title='bbox 711 485 945 574; x_wconf 85' lang='lat' dir='ltr'><strong>Nasamones,</strong></span> <span class='ocrx_word' id='word_1_7' title='bbox 968 481 1175 584; x_wconf 78' lang='lat' dir='ltr'><strong>3AEgyptus.</strong></span> <span class='ocrx_word' id='word_1_8' title='bbox 1200 483 1330 560; x_wconf 89' lang='lat' dir='ltr'><strong>Claris-</strong></span> 
     </span>
     <span class='ocr_line' id='line_1_3' title="bbox 277 596 1327 699; baseline 0.002 -28"><span class='ocrx_word' id='word_1_9' title='bbox 277 603 356 672; x_wconf 91' lang='lat' dir='ltr'><strong>simi</strong></span> <span class='ocrx_word' id='word_1_10' title='bbox 373 613 511 670; x_wconf 89' lang='lat' dir='ltr'><strong>montes</strong></span> <span class='ocrx_word' id='word_1_11' title='bbox 527 601 565 670; x_wconf 93' lang='lat' dir='ltr'><strong>in</strong></span> <span class='ocrx_word' id='word_1_12' title='bbox 581 596 670 670; x_wconf 87' lang='lat' dir='ltr'><strong>orbe</strong></span> <span class='ocrx_word' id='word_1_13' title='bbox 689 612 884 688; x_wconf 88' lang='lat' dir='ltr'><strong>terrarum,</strong></span> <span class='ocrx_word' id='word_1_14' title='bbox 907 599 1097 685; x_wconf 86' lang='lat' dir='ltr'><strong>Caucasus,</strong></span> <span class='ocrx_word' id='word_1_15' title='bbox 1117 603 1154 671; x_wconf 90' lang='lat' dir='ltr'><strong>in</strong></span> <span class='ocrx_word' id='word_1_16' title='bbox 1170 598 1327 699; x_wconf 85' lang='lat' dir='ltr'><strong>Scythia.</strong></span> 
     </span>
    </p>
   </div>
   <div class='ocr_carea' id='block_1_3' title="bbox 127 712 1329 834">
    <p class='ocr_par' dir='ltr' id='par_1_3' title="bbox 127 712 1329 834">
     <span class='ocr_line' id='line_1_4' title="bbox 127 712 1329 834; baseline 0.012 -56"><span class='ocrx_word' id='word_1_17' title='bbox 127 823 130 834; x_wconf 29' lang='lat'>¹</span> <span class='ocrx_word' id='word_1_18' title='bbox 167 756 171 762; x_wconf 90' lang='lat'><strong>·</strong></span> <span class='ocrx_word' id='word_1_19' title='bbox 277 714 473 803; x_wconf 77' lang='lat' dir='ltr'><strong>4Emodus,</strong></span> <span class='ocrx_word' id='word_1_20' title='bbox 494 719 531 786; x_wconf 91' lang='lat' dir='ltr'><strong>in</strong></span> <span class='ocrx_word' id='word_1_21' title='bbox 554 712 665 787; x_wconf 90' lang='lat' dir='ltr'><strong>lndia.</strong></span> <span class='ocrx_word' id='word_1_22' title='bbox 689 714 861 805; x_wconf 89' lang='lat' dir='ltr'><strong>Libanus,</strong></span> <span class='ocrx_word' id='word_1_23' title='bbox 880 719 917 787; x_wconf 92' lang='lat' dir='ltr'><strong>in</strong></span> <span class='ocrx_word' id='word_1_24' title='bbox 938 717 1050 816; x_wconf 89' lang='lat' dir='ltr'><strong>Syria.</strong></span> <span class='ocrx_word' id='word_1_25' title='bbox 1074 715 1270 816; x_wconf 78' lang='lat' dir='ltr'><strong>Olympus,</strong></span> <span class='ocrx_word' id='word_1_26' title='bbox 1291 723 1329 792; x_wconf 92' lang='lat' dir='ltr'><strong>in</strong></span> 
     </span>
    </p>
   </div>
   <div class='ocr_carea' id='block_1_4' title="bbox 278 827 1329 929">
    <p class='ocr_par' dir='ltr' id='par_1_4' title="bbox 278 827 1329 929">
     <span class='ocr_line' id='line_1_5' title="bbox 278 827 1329 929; baseline 0.003 -27"><span class='ocrx_word' id='word_1_27' title='bbox 278 827 502 903; x_wconf 89' lang='lat' dir='ltr'><strong>Macedonia.</strong></span> <span class='ocrx_word' id='word_1_28' title='bbox 514 831 715 927; x_wconf 86' lang='lat' dir='ltr'><strong>Aymettus,</strong></span> <span class='ocrx_word' id='word_1_29' title='bbox 729 833 767 900; x_wconf 92' lang='lat' dir='ltr'><strong>in</strong></span> <span class='ocrx_word' id='word_1_30' title='bbox 783 829 910 902; x_wconf 85' lang='lat' dir='ltr'><strong>Attica.</strong></span> <span class='ocrx_word' id='word_1_31' title='bbox 928 833 1099 929; x_wconf 75' lang='lat' dir='ltr'><strong>Taygetos</strong></span> <span class='ocrx_word' id='word_1_32' title='bbox 1114 835 1151 902; x_wconf 93' lang='lat' dir='ltr'><strong>in</strong></span> <span class='ocrx_word' id='word_1_33' title='bbox 1165 831 1329 905; x_wconf 70' lang='lat' dir='ltr'><strong>Lacedae·</strong></span> 
     </span>
    </p>
   </div>
   <div class='ocr_carea' id='block_1_5' title="bbox 150 935 1329 1036">
    <p class='ocr_par' dir='ltr' id='par_1_5' title="bbox 150 935 1329 1036">
     <span class='ocr_line' id='line_1_6' title="bbox 150 935 1329 1036; baseline 0.005 -23"><span class='ocrx_word' id='word_1_34' title='bbox 150 935 153 940; x_wconf 58' lang='grc'>’</span> <span class='ocrx_word' id='word_1_35' title='bbox 277 948 415 1032; x_wconf 89' lang='lat' dir='ltr'><strong>monia,</strong></span> <span class='ocrx_word' id='word_1_36' title='bbox 428 957 463 1014; x_wconf 89' lang='lat' dir='ltr'><strong>et</strong></span> <span class='ocrx_word' id='word_1_37' title='bbox 472 935 787 1015; x_wconf 82' lang='lat' dir='ltr'><strong>Ciiheron⁵Eleon</strong></span> <span class='ocrx_word' id='word_1_38' title='bbox 797 946 835 1014; x_wconf 89' lang='lat' dir='ltr'><strong>in</strong></span> <span class='ocrx_word' id='word_1_39' title='bbox 844 944 992 1017; x_wconf 87' lang='lat' dir='ltr'><strong>Boeotia.</strong></span> <span class='ocrx_word' id='word_1_40' title='bbox 1004 946 1329 1036; x_wconf 79' lang='lat' dir='ltr'><strong>Parnassus,dcro·</strong></span> 
     </span>
    </p>
   </div>
   <div class='ocr_carea' id='block_1_6' title="bbox 253 1055 1328 3465">
    <p class='ocr_par' dir='ltr' id='par_1_6' title="bbox 253 1055 1328 3465">
     <span class='ocr_line' id='line_1_7' title="bbox 278 1055 1326 1158; baseline 0.002 -27"><span class='ocrx_word' id='word_1_41' title='bbox 278 1063 460 1148; x_wconf 88' lang='lat' dir='ltr'><strong>ceraunia,</strong></span> <span class='ocrx_word' id='word_1_42' title='bbox 475 1063 512 1129; x_wconf 93' lang='lat' dir='ltr'><strong>in</strong></span> <span class='ocrx_word' id='word_1_43' title='bbox 527 1057 650 1156; x_wconf 86' lang='lat' dir='ltr'><strong>Epiro.</strong></span> <span class='ocrx_word' id='word_1_44' title='bbox 669 1055 857 1148; x_wconf 84' lang='lat' dir='ltr'><strong>Maenalus,</strong></span> <span class='ocrx_word' id='word_1_45' title='bbox 875 1063 911 1131; x_wconf 89' lang='lat' dir='ltr'><strong>in</strong></span> <span class='ocrx_word' id='word_1_46' title='bbox 924 1057 1088 1132; x_wconf 82' lang='lat' dir='ltr'><strong>Arcadia.</strong></span> <span class='ocrx_word' id='word_1_47' title='bbox 1103 1062 1326 1158; x_wconf 82' lang='lat' dir='ltr'><strong>Apenninus,</strong></span> 
     </span>
     <span class='ocr_line' id='line_1_8' title="bbox 277 1171 1325 1273; baseline 0.004 -29"><span class='ocrx_word' id='word_1_48' title='bbox 277 1177 314 1245; x_wconf 93' lang='lat' dir='ltr'><strong>in</strong></span> <span class='ocrx_word' id='word_1_49' title='bbox 325 1171 434 1244; x_wconf 89' lang='lat' dir='ltr'><strong>ltalia.</strong></span> <span class='ocrx_word' id='word_1_50' title='bbox 445 1174 557 1273; x_wconf 84' lang='lat' dir='ltr'><strong>Eryx,</strong></span> <span class='ocrx_word' id='word_1_51' title='bbox 567 1172 740 1245; x_wconf 91' lang='lat' dir='ltr'><strong>inSicilia.</strong></span> <span class='ocrx_word' id='word_1_52' title='bbox 752 1171 858 1273; x_wconf 79' lang='lat' dir='ltr'><strong>Alpes</strong></span> <span class='ocrx_word' id='word_1_53' title='bbox 866 1178 959 1245; x_wconf 88' lang='lat' dir='ltr'><strong>inter</strong></span> <span class='ocrx_word' id='word_1_54' title='bbox 968 1173 1123 1247; x_wconf 87' lang='lat' dir='ltr'><strong>Galliam</strong></span> <span class='ocrx_word' id='word_1_55' title='bbox 1132 1192 1168 1247; x_wconf 91' lang='lat' dir='ltr'><strong>et</strong></span> <span class='ocrx_word' id='word_1_56' title='bbox 1178 1173 1325 1248; x_wconf 88' lang='lat' dir='ltr'><strong>ltaliam.</strong></span> 
     </span>
     <span class='ocr_line' id='line_1_9' title="bbox 277 1287 1323 1390; baseline 0.001 -27"><span class='ocrx_word' id='word_1_57' title='bbox 277 1295 462 1390; x_wconf 81' lang='lat' dir='ltr'><strong>Pyrenaeus</strong></span> <span class='ocrx_word' id='word_1_58' title='bbox 481 1294 575 1362; x_wconf 90' lang='lat' dir='ltr'><strong>inter</strong></span> <span class='ocrx_word' id='word_1_59' title='bbox 595 1287 749 1362; x_wconf 84' lang='lat' dir='ltr'><strong>Galliam</strong></span> <span class='ocrx_word' id='word_1_60' title='bbox 770 1306 806 1362; x_wconf 89' lang='lat' dir='ltr'><strong>et</strong></span> <span class='ocrx_word' id='word_1_61' title='bbox 826 1293 1004 1389; x_wconf 87' lang='lat' dir='ltr'><strong>Spaniam.</strong></span> <span class='ocrx_word' id='word_1_62' title='bbox 1024 1290 1121 1365; x_wconf 85' lang='lat' dir='ltr'><strong>Atlas</strong></span> <span class='ocrx_word' id='word_1_63' title='bbox 1139 1296 1177 1364; x_wconf 94' lang='lat' dir='ltr'><strong>in</strong></span> <span class='ocrx_word' id='word_1_64' title='bbox 1194 1291 1323 1365; x_wconf 80' lang='lat' dir='ltr'><strong>Africa.</strong></span> 
     </span>
     <span class='ocr_line' id='line_1_10' title="bbox 278 1402 1327 1505; baseline 0 -27"><span class='ocrx_word' id='word_1_65' title='bbox 278 1403 389 1505; x_wconf 90' lang='lat' dir='ltr'><strong>Calpe</strong></span> <span class='ocrx_word' id='word_1_66' title='bbox 404 1409 440 1476; x_wconf 90' lang='lat' dir='ltr'><strong>in</strong></span> <span class='ocrx_word' id='word_1_67' title='bbox 454 1404 546 1478; x_wconf 82' lang='lat' dir='ltr'><strong>freto</strong></span> <span class='ocrx_word' id='word_1_68' title='bbox 561 1406 710 1477; x_wconf 89' lang='lat' dir='ltr'><strong>Oceani.</strong></span> <span class='ocrx_word' id='word_1_69' title='bbox 727 1402 927 1478; x_wconf 88' lang='lat' dir='ltr'><strong>Clarissima</strong></span> <span class='ocrx_word' id='word_1_70' title='bbox 940 1405 1089 1478; x_wconf 86' lang='lat' dir='ltr'><strong>flumina</strong></span> <span class='ocrx_word' id='word_1_71' title='bbox 1104 1409 1141 1477; x_wconf 93' lang='lat' dir='ltr'><strong>in</strong></span> <span class='ocrx_word' id='word_1_72' title='bbox 1156 1405 1245 1480; x_wconf 92' lang='lat' dir='ltr'><strong>orbe</strong></span> <span class='ocrx_word' id='word_1_73' title='bbox 1260 1421 1327 1478; x_wconf 86' lang='lat' dir='ltr'><strong>ter·</strong></span> 
     </span>
     <span class='ocr_line' id='line_1_11' title="bbox 277 1519 1327 1621; baseline 0 -27"><span class='ocrx_word' id='word_1_74' title='bbox 277 1547 418 1594; x_wconf 90' lang='lat' dir='ltr'><strong>rarum:</strong></span> <span class='ocrx_word' id='word_1_75' title='bbox 434 1519 558 1611; x_wconf 81' lang='lat' dir='ltr'><strong>Indus&#39;,</strong></span> <span class='ocrx_word' id='word_1_76' title='bbox 579 1520 737 1619; x_wconf 79' lang='lat' dir='ltr'><strong>Ganges,</strong></span> <span class='ocrx_word' id='word_1_77' title='bbox 754 1519 941 1621; x_wconf 85' lang='lat' dir='ltr'><strong>Hydaspes</strong></span> <span class='ocrx_word' id='word_1_78' title='bbox 959 1525 998 1593; x_wconf 90' lang='lat' dir='ltr'><strong>in</strong></span> <span class='ocrx_word' id='word_1_79' title='bbox 1016 1520 1126 1593; x_wconf 89' lang='lat' dir='ltr'><strong>India.</strong></span> <span class='ocrx_word' id='word_1_80' title='bbox 1141 1523 1273 1594; x_wconf 84' lang='lat' dir='ltr'><strong>Araxes</strong></span> <span class='ocrx_word' id='word_1_81' title='bbox 1282 1525 1327 1602; x_wconf 83' lang='lat' dir='ltr'><strong>jn</strong></span> 
     </span>
     <span class='ocr_line' id='line_1_12' title="bbox 277 1634 1327 1711; baseline 0.004 -5"><span class='ocrx_word' id='word_1_82' title='bbox 277 1640 456 1710; x_wconf 81' lang='lat' dir='ltr'><strong>Armenia.</strong></span> <span class='ocrx_word' id='word_1_83' title='bbox 469 1634 702 1709; x_wconf 84' lang='lat' dir='ltr'><strong>Thermodon</strong></span> <span class='ocrx_word' id='word_1_84' title='bbox 715 1653 751 1709; x_wconf 94' lang='lat' dir='ltr'><strong>et</strong></span> <span class='ocrx_word' id='word_1_85' title='bbox 767 1635 887 1709; x_wconf 90' lang='lat' dir='ltr'><strong>Phasis</strong></span> <span class='ocrx_word' id='word_1_86' title='bbox 901 1641 939 1709; x_wconf 94' lang='lat' dir='ltr'><strong>in</strong></span> <span class='ocrx_word' id='word_1_87' title='bbox 951 1635 1134 1711; x_wconf 89' lang='lat' dir='ltr'><strong>Colchide.</strong></span> <span class='ocrx_word' id='word_1_88' title='bbox 1146 1640 1276 1711; x_wconf 90' lang='lat' dir='ltr'><strong>Tanais</strong></span> <span class='ocrx_word' id='word_1_89' title='bbox 1291 1641 1327 1710; x_wconf 89' lang='lat' dir='ltr'><strong>in</strong></span> 
     </span>
     <span class='ocr_line' id='line_1_13' title="bbox 278 1750 1327 1854; baseline 0.002 -29"><span class='ocrx_word' id='word_1_90' title='bbox 278 1751 431 1852; x_wconf 81' lang='lat' dir='ltr'><strong>Scythia.</strong></span> <span class='ocrx_word' id='word_1_91' title='bbox 449 1754 606 1825; x_wconf 90' lang='lat' dir='ltr'><strong>Strimon</strong></span> <span class='ocrx_word' id='word_1_92' title='bbox 623 1771 658 1827; x_wconf 89' lang='lat' dir='ltr'><strong>et</strong></span> <span class='ocrx_word' id='word_1_93' title='bbox 672 1752 814 1826; x_wconf 87' lang='lat' dir='ltr'><strong>Hebrus</strong></span> <span class='ocrx_word' id='word_1_94' title='bbox 835 1758 871 1853; x_wconf 85' lang='lat' dir='ltr'><strong>in</strong></span> <span class='ocrx_word' id='word_1_95' title='bbox 893 1750 1057 1826; x_wconf 86' lang='lat' dir='ltr'><strong>Thracia.</strong></span> <span class='ocrx_word' id='word_1_96' title='bbox 1081 1752 1270 1854; x_wconf 86' lang='lat' dir='ltr'><strong>Sperchios</strong></span> <span class='ocrx_word' id='word_1_97' title='bbox 1291 1758 1327 1827; x_wconf 93' lang='lat' dir='ltr'><strong>in</strong></span> 
     </span>
     <span class='ocr_line' id='line_1_14' title="bbox 277 1863 1327 1959; baseline 0 -19"><span class='ocrx_word' id='word_1_98' title='bbox 277 1863 467 1940; x_wconf 87' lang='lat' dir='ltr'><strong>Thessalia.</strong></span> <span class='ocrx_word' id='word_1_99' title='bbox 484 1869 638 1940; x_wconf 89' lang='lat' dir='ltr'><strong>Hermus</strong></span> <span class='ocrx_word' id='word_1_100' title='bbox 655 1884 691 1940; x_wconf 89' lang='lat' dir='ltr'><strong>et</strong></span> <span class='ocrx_word' id='word_1_101' title='bbox 707 1865 886 1959; x_wconf 88' lang='lat' dir='ltr'><strong>Pactolus,</strong></span> <span class='ocrx_word' id='word_1_102' title='bbox 902 1866 1080 1941; x_wconf 83' lang='lat' dir='ltr'><strong>⁶auriferi.</strong></span> <span class='ocrx_word' id='word_1_103' title='bbox 1094 1869 1277 1942; x_wconf 86' lang='lat' dir='ltr'><strong>Maeander</strong></span> <span class='ocrx_word' id='word_1_104' title='bbox 1292 1885 1327 1941; x_wconf 90' lang='lat' dir='ltr'><strong>et</strong></span> 
     </span>
     <span class='ocr_line' id='line_1_15' title="bbox 278 1981 1326 2084; baseline -0.002 -28"><span class='ocrx_word' id='word_1_105' title='bbox 278 1987 460 2084; x_wconf 90' lang='lat' dir='ltr'><strong>Caystrus,</strong></span> <span class='ocrx_word' id='word_1_106' title='bbox 473 1988 510 2055; x_wconf 90' lang='lat' dir='ltr'><strong>in</strong></span> <span class='ocrx_word' id='word_1_107' title='bbox 520 1983 645 2083; x_wconf 92' lang='lat' dir='ltr'><strong>Lydia.</strong></span> <span class='ocrx_word' id='word_1_108' title='bbox 661 1983 823 2082; x_wconf 88' lang='lat' dir='ltr'><strong>Cydnus,</strong></span> <span class='ocrx_word' id='word_1_109' title='bbox 835 1989 871 2055; x_wconf 90' lang='lat' dir='ltr'><strong>in</strong></span> <span class='ocrx_word' id='word_1_110' title='bbox 884 1981 1019 2056; x_wconf 91' lang='lat' dir='ltr'><strong>Cilicia.</strong></span> <span class='ocrx_word' id='word_1_111' title='bbox 1033 1984 1203 2074; x_wconf 89' lang='lat' dir='ltr'><strong>Orontes,</strong></span> <span class='ocrx_word' id='word_1_112' title='bbox 1215 1987 1252 2055; x_wconf 94' lang='lat' dir='ltr'><strong>in</strong></span> <span class='ocrx_word' id='word_1_113' title='bbox 1262 1983 1326 2082; x_wconf 87' lang='lat' dir='ltr'><strong>Sy·</strong></span> 
     </span>
     <span class='ocr_line' id='line_1_16' title="bbox 278 2097 1327 2198; baseline -0.001 -26"><span class='ocrx_word' id='word_1_114' title='bbox 278 2105 339 2173; x_wconf 92' lang='lat' dir='ltr'><strong>ria.</strong></span> <span class='ocrx_word' id='word_1_115' title='bbox 349 2101 475 2172; x_wconf 87' lang='lat' dir='ltr'><strong>Simois</strong></span> <span class='ocrx_word' id='word_1_116' title='bbox 484 2116 519 2172; x_wconf 93' lang='lat' dir='ltr'><strong>et</strong></span> <span class='ocrx_word' id='word_1_117' title='bbox 526 2097 1096 2198; x_wconf 83' lang='lat' dir='ltr'><strong>Xanthus,inPhrygia.Eurotas,</strong></span> <span class='ocrx_word' id='word_1_118' title='bbox 1107 2099 1327 2172; x_wconf 70' lang='lat' dir='ltr'><strong>Lacedaemo</strong></span> 
     </span>
     <span class='ocr_line' id='line_1_17' title="bbox 277 2215 1328 2316; baseline -0.002 -26"><span class='ocrx_word' id='word_1_119' title='bbox 277 2245 331 2290; x_wconf 91' lang='lat' dir='ltr'><strong>ne.</strong></span> <span class='ocrx_word' id='word_1_120' title='bbox 347 2215 521 2316; x_wconf 85' lang='lat' dir='ltr'><strong>Alpheus,</strong></span> <span class='ocrx_word' id='word_1_121' title='bbox 536 2220 573 2288; x_wconf 92' lang='lat' dir='ltr'><strong>in</strong></span> <span class='ocrx_word' id='word_1_122' title='bbox 589 2216 701 2290; x_wconf 89' lang='lat' dir='ltr'><strong>Elide.</strong></span> <span class='ocrx_word' id='word_1_123' title='bbox 714 2215 859 2306; x_wconf 88' lang='lat' dir='ltr'><strong>Ladon,</strong></span> <span class='ocrx_word' id='word_1_124' title='bbox 873 2220 910 2287; x_wconf 93' lang='lat' dir='ltr'><strong>in</strong></span> <span class='ocrx_word' id='word_1_125' title='bbox 921 2217 1085 2289; x_wconf 85' lang='lat' dir='ltr'><strong>Arcadia.</strong></span> <span class='ocrx_word' id='word_1_126' title='bbox 1098 2215 1276 2290; x_wconf 83' lang='lat' dir='ltr'><strong>Achelous</strong></span> <span class='ocrx_word' id='word_1_127' title='bbox 1293 2232 1328 2289; x_wconf 86' lang='lat' dir='ltr'><strong>et</strong></span> 
     </span>
     <span class='ocr_line' id='line_1_18' title="bbox 276 2327 1327 2428; baseline 0 -26"><span class='ocrx_word' id='word_1_128' title='bbox 276 2327 444 2418; x_wconf 90' lang='lat' dir='ltr'><strong>Inachus,</strong></span> <span class='ocrx_word' id='word_1_129' title='bbox 466 2334 503 2402; x_wconf 95' lang='lat' dir='ltr'><strong>in</strong></span> <span class='ocrx_word' id='word_1_130' title='bbox 520 2331 641 2428; x_wconf 88' lang='lat' dir='ltr'><strong>Epiro.</strong></span> <span class='ocrx_word' id='word_1_131' title='bbox 660 2330 769 2401; x_wconf 88' lang='lat' dir='ltr'><strong>Savus</strong></span> <span class='ocrx_word' id='word_1_132' title='bbox 784 2345 820 2402; x_wconf 88' lang='lat' dir='ltr'><strong>et</strong></span> <span class='ocrx_word' id='word_1_133' title='bbox 833 2327 1032 2420; x_wconf 90' lang='lat' dir='ltr'><strong>Danubius,</strong></span> <span class='ocrx_word' id='word_1_134' title='bbox 1050 2334 1112 2428; x_wconf 91' lang='lat' dir='ltr'><strong>qui</strong></span> <span class='ocrx_word' id='word_1_135' title='bbox 1128 2329 1224 2402; x_wconf 86' lang='lat' dir='ltr'><strong>idern</strong></span> <span class='ocrx_word' id='word_1_136' title='bbox 1240 2333 1327 2403; x_wconf 90' lang='lat' dir='ltr'><strong>lster</strong></span> 
     </span>
     <span class='ocr_line' id='line_1_19' title="bbox 277 2443 1326 2543; baseline 0 -27"><span class='ocrx_word' id='word_1_137' title='bbox 277 2447 560 2543; x_wconf 74' lang='lat' dir='ltr'><strong>cognominatur,</strong></span> <span class='ocrx_word' id='word_1_138' title='bbox 572 2447 608 2515; x_wconf 94' lang='lat' dir='ltr'><strong>in</strong></span> <span class='ocrx_word' id='word_1_139' title='bbox 619 2444 755 2515; x_wconf 88' lang='lat' dir='ltr'><strong>Moesia.</strong></span> <span class='ocrx_word' id='word_1_140' title='bbox 769 2443 943 2516; x_wconf 87' lang='lat' dir='ltr'><strong>Eridanus</strong></span> <span class='ocrx_word' id='word_1_141' title='bbox 955 2458 991 2516; x_wconf 89' lang='lat' dir='ltr'><strong>et</strong></span> <span class='ocrx_word' id='word_1_142' title='bbox 999 2443 1202 2537; x_wconf 87' lang='lat' dir='ltr'><strong>Tiberinus,</strong></span> <span class='ocrx_word' id='word_1_143' title='bbox 1214 2449 1250 2517; x_wconf 94' lang='lat' dir='ltr'><strong>in</strong></span> <span class='ocrx_word' id='word_1_144' title='bbox 1261 2444 1326 2516; x_wconf 88' lang='lat' dir='ltr'><strong>lta·</strong></span> 
     </span>
     <span class='ocr_line' id='line_1_20' title="bbox 253 2557 1327 2660; baseline -0.001 -26"><span class='ocrx_word' id='word_1_145' title='bbox 253 2611 256 2616; x_wconf 76' lang='lat'><strong>,</strong></span> <span class='ocrx_word' id='word_1_146' title='bbox 276 2561 333 2634; x_wconf 90' lang='lat' dir='ltr'><strong>lia.</strong></span> <span class='ocrx_word' id='word_1_147' title='bbox 348 2561 530 2650; x_wconf 90' lang='lat' dir='ltr'><strong>Timavus,</strong></span> <span class='ocrx_word' id='word_1_148' title='bbox 544 2563 581 2630; x_wconf 93' lang='lat' dir='ltr'><strong>in</strong></span> <span class='ocrx_word' id='word_1_149' title='bbox 593 2557 745 2660; x_wconf 84' lang='lat' dir='ltr'><strong>illyrico.</strong></span> <span class='ocrx_word' id='word_1_150' title='bbox 759 2559 954 2633; x_wconf 87' lang='lat' dir='ltr'><strong>Rhodanus</strong></span> <span class='ocrx_word' id='word_1_151' title='bbox 965 2565 1002 2631; x_wconf 92' lang='lat' dir='ltr'><strong>in</strong></span> <span class='ocrx_word' id='word_1_152' title='bbox 1015 2560 1140 2634; x_wconf 86' lang='lat' dir='ltr'><strong>Gallia.</strong></span> <span class='ocrx_word' id='word_1_153' title='bbox 1157 2560 1279 2634; x_wconf 86' lang='lat' dir='ltr'><strong>Iberus</strong></span> <span class='ocrx_word' id='word_1_154' title='bbox 1291 2577 1327 2634; x_wconf 91' lang='lat' dir='ltr'><strong>et</strong></span> 
     </span>
     <span class='ocr_line' id='line_1_21' title="bbox 277 2675 1327 2777; baseline 0.001 -28"><span class='ocrx_word' id='word_1_155' title='bbox 277 2680 386 2766; x_wconf 83' lang='lat' dir='ltr'><strong>Betis,</strong></span> <span class='ocrx_word' id='word_1_156' title='bbox 402 2681 439 2748; x_wconf 93' lang='lat' dir='ltr'><strong>in</strong></span> <span class='ocrx_word' id='word_1_157' title='bbox 454 2677 593 2775; x_wconf 90' lang='lat' dir='ltr'><strong>Spania.</strong></span> <span class='ocrx_word' id='word_1_158' title='bbox 610 2676 786 2777; x_wconf 75' lang='lat' dir='ltr'><strong>Bagrada,</strong></span> <span class='ocrx_word' id='word_1_159' title='bbox 801 2680 839 2749; x_wconf 92' lang='lat' dir='ltr'><strong>in</strong></span> <span class='ocrx_word' id='word_1_160' title='bbox 853 2675 1031 2748; x_wconf 88' lang='lat' dir='ltr'><strong>Numidia.</strong></span> <span class='ocrx_word' id='word_1_161' title='bbox 1049 2679 1190 2767; x_wconf 86' lang='lat' dir='ltr'><strong>Titron,</strong></span> <span class='ocrx_word' id='word_1_162' title='bbox 1204 2681 1241 2748; x_wconf 93' lang='lat' dir='ltr'><strong>in</strong></span> <span class='ocrx_word' id='word_1_163' title='bbox 1255 2677 1327 2750; x_wconf 86' lang='lat' dir='ltr'><strong>Ge·</strong></span> 
     </span>
     <span class='ocr_line' id='line_1_22' title="bbox 276 2787 1327 2890; baseline 0.001 -27"><span class='ocrx_word' id='word_1_164' title='bbox 276 2791 373 2888; x_wconf 78' lang='lat' dir='ltr'><strong>tolia.</strong></span> <span class='ocrx_word' id='word_1_165' title='bbox 391 2788 507 2879; x_wconf 88' lang='lat' dir='ltr'><strong>Nilus,</strong></span> <span class='ocrx_word' id='word_1_166' title='bbox 527 2794 563 2861; x_wconf 93' lang='lat' dir='ltr'><strong>in</strong></span> <span class='ocrx_word' id='word_1_167' title='bbox 580 2792 745 2890; x_wconf 85' lang='lat' dir='ltr'><strong>AEgypto.</strong></span> <span class='ocrx_word' id='word_1_168' title='bbox 769 2793 884 2888; x_wconf 92' lang='lat' dir='ltr'><strong>Tigris</strong></span> <span class='ocrx_word' id='word_1_169' title='bbox 904 2809 939 2862; x_wconf 89' lang='lat' dir='ltr'><strong>et</strong></span> <span class='ocrx_word' id='word_1_170' title='bbox 954 2787 1168 2890; x_wconf 88' lang='lat' dir='ltr'><strong>Euphrates,</strong></span> <span class='ocrx_word' id='word_1_171' title='bbox 1188 2795 1223 2864; x_wconf 93' lang='lat' dir='ltr'><strong>in</strong></span> <span class='ocrx_word' id='word_1_172' title='bbox 1244 2794 1327 2864; x_wconf 90' lang='lat' dir='ltr'><strong>Par-</strong></span> 
     </span>
     <span class='ocr_line' id='line_1_23' title="bbox 276 2903 1327 2997; baseline 0.001 -19"><span class='ocrx_word' id='word_1_173' title='bbox 276 2905 362 2979; x_wconf 87' lang='lat' dir='ltr'><strong>thia.</strong></span> <span class='ocrx_word' id='word_1_174' title='bbox 381 2903 540 2997; x_wconf 85' lang='lat' dir='ltr'><strong>Rhenus,</strong></span> <span class='ocrx_word' id='word_1_175' title='bbox 555 2909 592 2977; x_wconf 89' lang='lat' dir='ltr'><strong>in</strong></span> <span class='ocrx_word' id='word_1_176' title='bbox 606 2905 809 2978; x_wconf 89' lang='lat' dir='ltr'><strong>Germania.</strong></span> <span class='ocrx_word' id='word_1_177' title='bbox 827 2903 1034 2979; x_wconf 85' lang='lat' dir='ltr'><strong>Clarissimae</strong></span> <span class='ocrx_word' id='word_1_178' title='bbox 1048 2903 1168 2978; x_wconf 90' lang='lat' dir='ltr'><strong>insulae</strong></span> <span class='ocrx_word' id='word_1_179' title='bbox 1183 2913 1220 2978; x_wconf 94' lang='lat' dir='ltr'><strong>in</strong></span> <span class='ocrx_word' id='word_1_180' title='bbox 1236 2911 1327 2979; x_wconf 88' lang='lat' dir='ltr'><strong>mari</strong></span> 
     </span>
     <span class='ocr_line' id='line_1_24' title="bbox 275 3018 1326 3120; baseline 0.001 -29"><span class='ocrx_word' id='word_1_181' title='bbox 275 3036 397 3093; x_wconf 87' lang='lat' dir='ltr'><strong>nostro</strong></span> <span class='ocrx_word' id='word_1_182' title='bbox 424 3019 591 3092; x_wconf 89' lang='lat' dir='ltr'><strong>undecim</strong></span> <span class='ocrx_word' id='word_1_183' title='bbox 607 3047 620 3110; x_wconf 59' lang='lat' dir='ltr'><strong>t,</strong></span> <span class='ocrx_word' id='word_1_184' title='bbox 644 3018 777 3108; x_wconf 91' lang='lat' dir='ltr'><strong>Sicilia,</strong></span> <span class='ocrx_word' id='word_1_185' title='bbox 805 3018 983 3110; x_wconf 88' lang='lat' dir='ltr'><strong>Sardinia,</strong></span> <span class='ocrx_word' id='word_1_186' title='bbox 1016 3023 1138 3110; x_wconf 88' lang='lat' dir='ltr'><strong>Creta,</strong></span> <span class='ocrx_word' id='word_1_187' title='bbox 1168 3022 1326 3120; x_wconf 89' lang='lat' dir='ltr'><strong>Cypros,</strong></span> 
     </span>
     <span class='ocr_line' id='line_1_25' title="bbox 274 3132 1324 3228; baseline -0.001 -20"><span class='ocrx_word' id='word_1_188' title='bbox 274 3137 430 3228; x_wconf 85' lang='lat' dir='ltr'><strong>Euboea,</strong></span> <span class='ocrx_word' id='word_1_189' title='bbox 451 3134 603 3227; x_wconf 81' lang='lat' dir='ltr'><strong>Lesbos,</strong></span> <span class='ocrx_word' id='word_1_190' title='bbox 627 3133 792 3225; x_wconf 89' lang='lat' dir='ltr'><strong>Rhodos,</strong></span> <span class='ocrx_word' id='word_1_191' title='bbox 816 3132 896 3207; x_wconf 88' lang='lat' dir='ltr'><strong>duae</strong></span> <span class='ocrx_word' id='word_1_192' title='bbox 920 3135 1100 3225; x_wconf 90' lang='lat' dir='ltr'><strong>Baleares,</strong></span> <span class='ocrx_word' id='word_1_193' title='bbox 1124 3134 1324 3225; x_wconf 88' lang='lat' dir='ltr'><strong>⁷Eubusus,</strong></span> 
     </span>
     <span class='ocr_line' id='line_1_26' title="bbox 277 3248 1325 3348; baseline 0.001 -26"><span class='ocrx_word' id='word_1_194' title='bbox 277 3253 439 3338; x_wconf 91' lang='lat' dir='ltr'><strong>Corsica,</strong></span> <span class='ocrx_word' id='word_1_195' title='bbox 459 3248 588 3321; x_wconf 88' lang='lat' dir='ltr'><strong>Gades.</strong></span> <span class='ocrx_word' id='word_1_196' title='bbox 608 3251 649 3320; x_wconf 93' lang='lat' dir='ltr'><strong>ln</strong></span> <span class='ocrx_word' id='word_1_197' title='bbox 668 3275 803 3322; x_wconf 88' lang='lat' dir='ltr'><strong>oceano</strong></span> <span class='ocrx_word' id='word_1_198' title='bbox 817 3249 863 3322; x_wconf 92' lang='lat' dir='ltr'><strong>ad</strong></span> <span class='ocrx_word' id='word_1_199' title='bbox 877 3253 1080 3341; x_wconf 88' lang='lat' dir='ltr'><strong>Orientem,</strong></span> <span class='ocrx_word' id='word_1_200' title='bbox 1099 3249 1325 3348; x_wconf 90' lang='lat' dir='ltr'><strong>Taprobane.</strong></span> 
     </span>
     <span class='ocr_line' id='line_1_27' title="bbox 275 3360 1327 3465; baseline 0.003 -31"><span class='ocrx_word' id='word_1_201' title='bbox 275 3364 332 3435; x_wconf 79' lang='lat' dir='ltr'><strong>Ad</strong></span> <span class='ocrx_word' id='word_1_202' title='bbox 340 3360 577 3436; x_wconf 89' lang='lat' dir='ltr'><strong>Occidentem</strong></span> <span class='ocrx_word' id='word_1_203' title='bbox 586 3365 752 3436; x_wconf 88' lang='lat' dir='ltr'><strong>Britania.</strong></span> <span class='ocrx_word' id='word_1_204' title='bbox 762 3363 817 3437; x_wconf 79' lang='lat' dir='ltr'><strong>ad</strong></span> <span class='ocrx_word' id='word_1_205' title='bbox 827 3366 1127 3463; x_wconf 89' lang='lat' dir='ltr'><strong>Septemtrionem</strong></span> <span class='ocrx_word' id='word_1_206' title='bbox 1136 3362 1261 3465; x_wconf 91' lang='lat' dir='ltr'><strong>Thyle.</strong></span> <span class='ocrx_word' id='word_1_207' title='bbox 1270 3365 1327 3437; x_wconf 82' lang='lat' dir='ltr'><strong>Ad</strong></span> 
     </span>
    </p>
   </div>
   <div class='ocr_carea' id='block_1_7' title="bbox 276 3604 1328 4153">
    <p class='ocr_par' dir='ltr' id='par_1_7' title="bbox 276 3604 1328 4153">
     <span class='ocr_line' id='line_1_28' title="bbox 312 3604 1327 3680; baseline 0.001 -24"><span class='ocrx_word' id='word_1_208' title='bbox 312 3606 338 3656; x_wconf 89' lang='grc'><strong>3.</strong></span> <span class='ocrx_word' id='word_1_209' title='bbox 356 3605 492 3679; x_wconf 77' lang='lat' dir='ltr'><strong>AEqyptus.</strong></span> <span class='ocrx_word' id='word_1_210' title='bbox 510 3604 563 3657; x_wconf 88' lang='lat' dir='ltr'><strong>Cur</strong></span> <span class='ocrx_word' id='word_1_211' title='bbox 576 3624 630 3660; x_wconf 90' lang='lat' dir='ltr'><strong>non</strong></span> <span class='ocrx_word' id='word_1_212' title='bbox 644 3607 783 3680; x_wconf 74' lang='lat' dir='ltr'><strong>AEpyptii?</strong></span> <span class='ocrx_word' id='word_1_213' title='bbox 823 3607 970 3660; x_wconf 80' lang='lat' dir='ltr'><strong>etHelicon</strong></span> <span class='ocrx_word' id='word_1_214' title='bbox 980 3605 1120 3678; x_wconf 81' lang='lat' dir='ltr'><strong>legendum</strong></span> <span class='ocrx_word' id='word_1_215' title='bbox 1128 3619 1210 3678; x_wconf 84' lang='lat' dir='ltr'><strong>pato:</strong></span> <span class='ocrx_word' id='word_1_216' title='bbox 1221 3618 1327 3672; x_wconf 87' lang='lat' dir='ltr'><strong>utmox,</strong></span> 
     </span>
     <span class='ocr_line' id='line_1_29' title="bbox 278 3685 1328 3756; baseline 0.001 -21"><span class='ocrx_word' id='word_1_217' title='bbox 278 3697 306 3736; x_wconf 88' lang='lat' dir='ltr'><strong>ut</strong></span> <span class='ocrx_word' id='word_1_218' title='bbox 319 3696 412 3736; x_wconf 73' lang='lat' dir='ltr'><strong>catara</strong></span> <span class='ocrx_word' id='word_1_219' title='bbox 428 3686 525 3736; x_wconf 87' lang='lat' dir='ltr'><strong>omnia.</strong></span> <span class='ocrx_word' id='word_1_220' title='bbox 825 3687 989 3740; x_wconf 80' lang='lat' dir='ltr'><strong>Thermodon</strong></span> <span class='ocrx_word' id='word_1_221' title='bbox 997 3699 1022 3740; x_wconf 83' lang='lat' dir='ltr'><strong>et</strong></span> <span class='ocrx_word' id='word_1_222' title='bbox 1029 3687 1135 3756; x_wconf 80' lang='lat' dir='ltr'><strong>Phasis,</strong></span> <span class='ocrx_word' id='word_1_223' title='bbox 1145 3699 1171 3738; x_wconf 80' lang='lat' dir='ltr'><strong>et</strong></span> <span class='ocrx_word' id='word_1_224' title='bbox 1178 3685 1237 3740; x_wconf 81' lang='lat' dir='ltr'><strong>alia.</strong></span> <span class='ocrx_word' id='word_1_225' title='bbox 1250 3687 1328 3738; x_wconf 80' lang='lat' dir='ltr'><strong>Exci-</strong></span> 
     </span>
     <span class='ocr_line' id='line_1_30' title="bbox 312 3763 1327 3838; baseline -0.001 -22"><span class='ocrx_word' id='word_1_226' title='bbox 312 3765 338 3830; x_wconf 72' lang='grc'><strong>4.</strong></span> <span class='ocrx_word' id='word_1_227' title='bbox 353 3765 476 3819; x_wconf 84' lang='lat' dir='ltr'><strong>Emodus.</strong></span> <span class='ocrx_word' id='word_1_228' title='bbox 491 3765 625 3817; x_wconf 83' lang='lat' dir='ltr'><strong>Hemodus</strong></span> <span class='ocrx_word' id='word_1_229' title='bbox 638 3763 710 3836; x_wconf 85' lang='lat' dir='ltr'><strong>apud</strong></span> <span class='ocrx_word' id='word_1_230' title='bbox 723 3764 781 3816; x_wconf 80' lang='lat' dir='ltr'><strong>Me·</strong></span> <span class='ocrx_word' id='word_1_231' title='bbox 823 3765 864 3818; x_wconf 86' lang='lat' dir='ltr'><strong>dit</strong></span> <span class='ocrx_word' id='word_1_232' title='bbox 879 3767 957 3819; x_wconf 83' lang='lat' dir='ltr'><strong>etiarn</strong></span> <span class='ocrx_word' id='word_1_233' title='bbox 971 3785 1070 3819; x_wconf 85' lang='lat' dir='ltr'><strong>nornen</strong></span> <span class='ocrx_word' id='word_1_234' title='bbox 1084 3767 1213 3838; x_wconf 87' lang='lat' dir='ltr'><strong>regionis,</strong></span> <span class='ocrx_word' id='word_1_235' title='bbox 1232 3767 1261 3816; x_wconf 92' lang='lat' dir='ltr'><strong>in</strong></span> <span class='ocrx_word' id='word_1_236' title='bbox 1275 3781 1327 3836; x_wconf 85' lang='lat' dir='ltr'><strong>qua</strong></span> 
     </span>
     <span class='ocr_line' id='line_1_31' title="bbox 276 3842 1220 3921; baseline -0.002 -24"><span class='ocrx_word' id='word_1_237' title='bbox 276 3846 329 3898; x_wconf 87' lang='lat' dir='ltr'><strong>lam</strong></span> <span class='ocrx_word' id='word_1_238' title='bbox 341 3842 411 3910; x_wconf 83' lang='lat' dir='ltr'><strong>CXl,</strong></span> <span class='ocrx_word' id='word_1_239' title='bbox 422 3863 447 3916; x_wconf 86' lang='lat'><strong>7.</strong></span> <span class='ocrx_word' id='word_1_240' title='bbox 458 3845 511 3914; x_wconf 88' lang='lat' dir='ltr'><strong>Qui</strong></span> <span class='ocrx_word' id='word_1_241' title='bbox 521 3845 565 3898; x_wconf 90' lang='lat' dir='ltr'><strong>hic</strong></span> <span class='ocrx_word' id='word_1_242' title='bbox 576 3847 712 3921; x_wconf 72' lang='lat' dir='ltr'><strong>Tayqetes,</strong></span> <span class='ocrx_word' id='word_1_243' title='bbox 726 3843 782 3898; x_wconf 87' lang='lat' dir='ltr'><strong>aliis</strong></span> <span class='ocrx_word' id='word_1_244' title='bbox 822 3847 980 3913; x_wconf 84' lang='lat' dir='ltr'><strong>Parnassus,</strong></span> <span class='ocrx_word' id='word_1_245' title='bbox 996 3865 1052 3918; x_wconf 78' lang='lat' dir='ltr'><strong>quae</strong></span> <span class='ocrx_word' id='word_1_246' title='bbox 1066 3843 1162 3898; x_wconf 84' lang='lat' dir='ltr'><strong>Phocis</strong></span> <span class='ocrx_word' id='word_1_247' title='bbox 1173 3857 1220 3897; x_wconf 78' lang='lat' dir='ltr'><strong>est.</strong></span> 
     </span>
     <span class='ocr_line' id='line_1_32' title="bbox 277 3921 1327 4000; baseline 0 -24"><span class='ocrx_word' id='word_1_248' title='bbox 277 3937 316 3976; x_wconf 82' lang='lat' dir='ltr'><strong>est</strong></span> <span class='ocrx_word' id='word_1_249' title='bbox 327 3924 469 3996; x_wconf 60' lang='lat' dir='ltr'><strong>Taygetum</strong></span> <span class='ocrx_word' id='word_1_250' title='bbox 482 3937 507 3977; x_wconf 85' lang='lat' dir='ltr'><strong>et</strong></span> <span class='ocrx_word' id='word_1_251' title='bbox 515 3921 611 3997; x_wconf 85' lang='lat' dir='ltr'><strong>plural.</strong></span> <span class='ocrx_word' id='word_1_252' title='bbox 625 3925 750 4000; x_wconf 72' lang='lat' dir='ltr'><strong>Taygeta.</strong></span> <span class='ocrx_word' id='word_1_253' title='bbox 858 3925 883 3978; x_wconf 83' lang='lat'><strong>6.</strong></span> <span class='ocrx_word' id='word_1_254' title='bbox 892 3925 1018 3997; x_wconf 78' lang='lat' dir='ltr'><strong>Auriferi.</strong></span> <span class='ocrx_word' id='word_1_255' title='bbox 1028 3924 1170 3978; x_wconf 71' lang='lat' dir='ltr'><strong>Maeander.</strong></span> <span class='ocrx_word' id='word_1_256' title='bbox 1179 3921 1327 3994; x_wconf 69' lang='lat' dir='ltr'><strong>Uisurgim,</strong></span> 
     </span>
     <span class='ocr_line' id='line_1_33' title="bbox 315 4001 1101 4076; baseline 0.001 -21"><span class='ocrx_word' id='word_1_257' title='bbox 315 4005 339 4055; x_wconf 86' lang='lat'><strong>5.</strong></span> <span class='ocrx_word' id='word_1_258' title='bbox 352 4001 446 4055; x_wconf 83' lang='lat' dir='ltr'><strong>Eleon.</strong></span> <span class='ocrx_word' id='word_1_259' title='bbox 461 4005 532 4056; x_wconf 87' lang='lat' dir='ltr'><strong>Fort.</strong></span> <span class='ocrx_word' id='word_1_260' title='bbox 550 4003 672 4056; x_wconf 81' lang='lat' dir='ltr'><strong>Helicon.</strong></span> <span class='ocrx_word' id='word_1_261' title='bbox 692 4004 781 4056; x_wconf 82' lang='lat' dir='ltr'><strong>Heius.</strong></span> <span class='ocrx_word' id='word_1_262' title='bbox 822 4005 946 4076; x_wconf 67' lang='lat' dir='ltr'><strong>auriferi,</strong></span> <span class='ocrx_word' id='word_1_263' title='bbox 957 4004 1101 4058; x_wconf 73' lang='lat' dir='ltr'><strong>Maeander.</strong></span> 
     </span>
     <span class='ocr_line' id='line_1_34' title="bbox 278 4077 1326 4153; baseline 0 -19"><span class='ocrx_word' id='word_1_264' title='bbox 278 4083 362 4134; x_wconf 85' lang='lat' dir='ltr'><strong>Etiam</strong></span> <span class='ocrx_word' id='word_1_265' title='bbox 375 4090 400 4132; x_wconf 85' lang='lat' dir='ltr'><strong>et</strong></span> <span class='ocrx_word' id='word_1_266' title='bbox 410 4077 470 4132; x_wconf 89' lang='lat' dir='ltr'><strong>loco</strong></span> <span class='ocrx_word' id='word_1_267' title='bbox 482 4093 598 4149; x_wconf 80' lang='lat' dir='ltr'><strong>motum,</strong></span> <span class='ocrx_word' id='word_1_268' title='bbox 614 4095 640 4134; x_wconf 86' lang='lat' dir='ltr'><strong>et</strong></span> <span class='ocrx_word' id='word_1_269' title='bbox 654 4081 782 4135; x_wconf 71' lang='lat' dir='ltr'><strong>Citheron</strong></span> <span class='ocrx_word' id='word_1_270' title='bbox 859 4100 884 4153; x_wconf 83' lang='lat'><strong>7.</strong></span> <span class='ocrx_word' id='word_1_271' title='bbox 900 4083 1024 4138; x_wconf 76' lang='lat' dir='ltr'><strong>Eubusro.</strong></span> <span class='ocrx_word' id='word_1_272' title='bbox 1041 4083 1149 4138; x_wconf 67' lang='lat' dir='ltr'><strong>nouus.</strong></span> <span class='ocrx_word' id='word_1_273' title='bbox 1169 4081 1326 4135; x_wconf 78' lang='lat' dir='ltr'><strong>Perizonius.</strong></span> 
     </span>
    </p>
   </div>
   <div class='ocr_carea' id='block_1_8' title="bbox 0 0 1576 4958">
    <p class='ocr_par' dir='ltr' id='par_1_8' title="bbox 0 0 1576 4958">
     <span class='ocr_line' id='line_1_35' title="bbox 0 0 1576 4958; baseline 0 0"><span class='ocrx_word' id='word_1_274' title='bbox 0 0 1576 4958; x_wconf 95' lang='lat' dir='ltr'><strong> </strong></span> 
     </span>
    </p>
   </div>
  </div>
 </body>
</html>
