3108 4956
320 516 383 582 336
717 509 973 576 ruarmo
1034 466 1041 484 ’
1111 551 1114 560 .

320 665 382 708 nos
405 640 492 728 cogit
513 639 558 703 ita
579 637 740 724 cogitare,
767 652 888 724 praeter
907 635 998 699 idem
1021 636 1164 700 nomen?
1189 636 1286 699 Certe
1309 635 1373 701 alia

321 750 421 814 etiam
431 762 522 826 sunt,
537 767 611 835 quac
620 743 706 809 banc
717 743 940 832 suspicionem
949 759 1101 830 augeant.
1114 743 1163 806 Eo
1174 765 1245 808 aevo
1254 742 1373 808 vixisse

321 871 450 923 constat
464 876 532 945 quo
546 853 690 918 Caesares
707 852 846 940 Augusti
863 848 973 915 adhuc
992 850 1027 914 in
1040 847 1223 914 Occidente
1238 850 1373 940 imperi-

321 961 444 1027 tabant.
467 963 517 1026 Ita
536 959 626 1025 enim
644 959 716 1048 ipse
740 956 853 1023 scribit
874 979 915 1022 eo
937 956 1058 1045 capite,
1080 979 1148 1046 quo
1166 957 1270 1045 tangit
1290 979 1373 1045 quas

322 1067 599 1134 commutationes
621 1079 723 1129 status
745 1062 862 1153 populi
880 1062 1021 1128 Romani
1036 1060 1208 1127 babuerit:
1233 1063 1374 1128 «Donec

326 1174 474 1242 «exortis
491 1173 588 1238 bellis
605 1173 693 1238 inter
705 1172 868 1236 Gaesarem
885 1187 919 1235 et
935 1170 1145 1259 Pompeium,
1166 1185 1200 1234 et
1216 1192 1375 1259 oppressa

327 1311 341 1340 a
351 1305 414 1372 per
426 1281 496 1346 rim
509 1269 758 1358 liberate,'sub
772 1277 870 1342 unius
881 1276 1018 1342 Caesaris
1031 1292 1230 1365 potestatem
1241 1275 1374 1341 redacta

326 1407 430 1456 «sunt
442 1387 563 1456 omnia.
577 1387 626 1452 Ex
640 1409 682 1452 eo
696 1402 859 1475 perpetua
873 1387 1039 1451 Caesarum
1053 1384 1214 1450 dictatura
1227 1377 1375 1449 domina·

327 1513 441 1564 atur.»
469 1499 614 1562 Doctum
635 1510 796 1583 praeterea
818 1491 990 1558 bominem
1012 1492 1129 1570 fuisse,
1153 1484 1193 1556 ac
1213 1490 1373 1557 disertum

323 1604 547 1693 politumque,
571 1617 610 1667 ut
630 1616 701 1666 erat
719 1623 836 1666 eorum
851 1616 1042 1689 temporum
1059 1615 1189 1688 oaptrrs,
1209 1619 1271 1663 nec
1289 1596 1372 1662 indi·

323 1732 428 1798 gnum
448 1707 641 1774 testimonio
662 1706 719 1772 illo
740 1723 775 1772 et
795 1706 1064 1794 clogioSidonii,
1087 1720 1224 1794 apparet
1241 1727 1282 1769 ex
1301 1706 1373 1793 ipso

324 1814 391 1880 boc
404 1814 490 1906 ejus,
511 1813 602 1902 quod
617 1812 749 1892 damus,
770 1813 903 1901 scripto.
919 1811 1052 1877 Notavit
1066 1833 1167 1900 porro
1181 1808 1373 1876 Sirmondus

324 1921 368 1986 ad
379 1943 456 1986 eum
466 1918 663 2009 Apollinaris
675 1918 719 1984 de
729 1918 881 2008 Ampelio
892 1919 1018 1999 locum,
1033 1939 1068 1982 se
1081 1915 1161 1984 olim
1170 1941 1189 1982 a
1198 1919 1233 1981 P.
1246 1914 1374 1980 Pitboeo

324 2026 504 2105 audivisse,
530 2027 567 2092 L.
591 2024 734 2114 Ampelii
756 2025 799 2091 ad
823 2025 990 2092 Marinum
1014 2025 1200 2112 fragmenta
1223 2021 1374 2113 quasdam

323 2133 510 2220 prolixioris
522 2131 632 2223 operis
639 2149 766 2197 exstare
775 2131 917 2197 Divione
926 2134 962 2197 in
970 2127 1214 2196 Bibliotheca-S.
1225 2129 1372 2218 benigni,

324 2256 359 2306 et
374 2241 605 2330 praefatiouem
623 2239 723 2304 etiam
739 2238 803 2303 sibi
819 2236 1014 2303 ostendisse.
1034 2237 1148 2304 Codex
1164 2237 1287 2318 Jureti,
1307 2229 1373 2324 quo

323 2365 403 2412 usus
414 2369 504 2424 sum,
520 2345 632 2412 nescio
644 2369 689 2413 au
699 2368 741 2410 er
750 2345 955 2411 Bibliotheca
968 2343 998 2411 S.
1015 2343 1152 2432 Benigni
1165 2343 1375 2408 Divionensis

323 2452 438 2533 fuerit3
462 2469 497 2518 et
516 2469 627 2541 potest
647 2451 721 2516 fieri
739 2468 777 2516 ut
797 2453 842 2518 ita
861 2451 918 2531 sit,
942 2451 999 2540 qui
1018 2453 1118 2516 sciam
1137 2449 1257 2515 multos
1277 2437 1376 2514 exea

324 2557 529 2624 Bibliotheca
548 2558 651 2624 libros
671 2557 851 2648 aliquando
869 2557 1013 2624 utendos
1033 2558 1198 2646 accepisse
1216 2555 1375 2620 eumdem

323 2663 542 2730 clarissimum
556 2665 720 2730 duratum.
733 2661 911 2752 Exemplar
923 2681 1034 2728 tamen
1048 2661 1130 2728 illud
1143 2677 1238 2726 vetus
1249 2681 1320 2726 non
1333 2659 1378 2726 ad

322 2771 506 2852 Marium,
517 2767 577 2836 sed
586 2769 634 2836 ad
638 2770 831 2851 Macrinum,
844 2768 961 2836 babuit
969 2770 1181 2859 inscriptum,
1196 2768 1286 2859 quod
1296 2766 1375 2857 prae·

275 2947 285 2956 ,
322 2875 458 2943 lationis
472 2876 581 2942 vicem
591 2876 671 2943 huic
684 2876 829 2967 Ampelii
843 2876 1004 2966 opusculo
1014 2873 1186 2965 praefixum
1196 2891 1259 2956 est,
1274 2878 1375 2935 ἔπιπο-

324 2983 414 3044 λίδιον.
434 2987 485 3048 An
502 2984 725 3072 fragmentum
744 2985 787 3050 sit
802 2983 934 3075 majoris
951 2984 1075 3073 operis,
1096 2975 1190 3074 cujus
1208 2974 1280 3046 baec
1298 2979 1374 3069 Epi·

317 3103 415 3158 tome
426 3091 580 3158 rideatur
593 3113 680 3170 esse,
692 3113 735 3156 ne
750 3090 785 3155 id
797 3089 935 3180 quidem
948 3108 1085 3180 possum
1095 3088 1272 3154 affirmare.
1284 3085 1376 3150 Veri-

324 3196 463 3264 similius
483 3214 610 3278 tamen,
635 3199 663 3263 si
683 3197 882 3289 conjecturae
900 3196 993 3264 locus
1013 3197 1073 3277 sit,·
1094 3187 1284 3276 arbitrarer,
1305 3211 1374 3258 aon

323 3302 414 3370 aliud
427 3325 511 3394 opus
525 3304 683 3394 prolixius
696 3321 868 3373 auctorem
881 3301 983 3371 fuisse
998 3303 1211 3382 meditatum,
1225 3319 1329 3391 quum
1338 3297 1374 3364 id

324 3409 481 3496 vulgavit.
501 3413 575 3476 Mos
595 3411 720 3500 quippe
740 3412 805 3476 fuit
825 3409 1031 3477 eruditorum
1050 3411 1137 3476 illius
1157 3407 1284 3488 sacculi,
1307 3427 1373 3496 quo

323 3513 428 3578 literae
442 3513 513 3605 jam
530 3517 566 3581 in
584 3514 769 3582 barbariam
787 3517 894 3599 ibant,
914 3516 1077 3608 ejusmodi
1096 3515 1319 3608 doctrinarum
1342 3528 1375 3577 et

324 3611 536 3686 historiarum
558 3622 673 3687 sectari
695 3639 728 3692 et
748 3621 906 3690 affectare
927 3623 1136 3714 compendia.
1156 3621 1284 3706 Quibus
1303 3635 1376 3684 tum

325 3727 461 3794 vacabat
475 3729 630 3795 evolvere
641 3730 769 3820 integra
781 3733 941 3797 Veterum
954 3733 1088 3821 scripta,
1103 3743 1143 3796 ut
1153 3728 1250 3819 pauci
1261 3727 1374 3793 admo-

326 3833 406 3899 dum
415 3857 555 3902 numero
569 3852 662 3901 erant
672 3837 731 3926 qui
745 3832 780 3903 id
794 3828 944 3927 possent,
957 3849 1060 3929 quum
1071 3851 1105 3903 et
1117 3825 1207 3926 ipsos
1219 3833 1373 3926 paucissi-

324 3964 397 4008 mos
412 3966 484 4009 esse
499 3943 635 4024 scirent,
654 3965 738 4034 quos
754 3967 832 4013 cura
845 3943 980 4034 legendi
996 3962 1030 4011 ct
1043 3943 1194 4011 discendi
1208 3940 1378 4030 tangeret,'

326 4070 401 4136 qum
411 4051 575 4116 fusissime
583 4051 626 4116 ab
635 4053 779 4142 antiquis
788 4067 940 4132 tractata,
953 4053 1016 4142 ipsi
1028 4049 1282 4128 contrahebant,
1297 4048 1375 4138 quia

222 4171 230 4189 ·
326 4153 458 4224 fastidio
478 4160 528 4222 sui
546 4160 720 4246 temporis,
742 4159 797 4225 vel
813 4160 923 4248 potius
942 4162 1082 4240 inertias,
1104 4181 1174 4226 rem
1194 4174 1374 4246 segretata
