3142 4938
291 505 333 572 92
618 481 653 541 u.
679 477 838 540 annm
862 475 1009 540 auom

289 620 478 702 postquam
501 597 618 672 hostes
641 597 799 697 undique
823 602 989 668 instantes
1013 593 1106 666 solus
1127 594 1338 669 submovere

290 745 361 791 non
385 734 543 816 potarat,
567 731 676 814 ponte
698 717 829 801 reciso,
852 727 1046 784 transnatat
1065 712 1246 802 Tiberim,
1270 739 1336 784 nec

258 854 273 906 5
293 861 392 908 arma
413 834 570 906 dimittit.
589 836 727 903 Mucius
745 829 901 901 Scaevola
919 855 1039 928 regent
1058 855 1123 927 per
1144 828 1285 902 insidias
1301 835 1338 902 in

293 953 414 1020 castris
428 951 536 1045 ipsius
550 944 771 1045 aggreditur,
787 943 868 1033 sed,
884 942 946 1015 ubi
962 941 1131 1015 frustrato
1145 949 1240 1015 circa
1256 971 1339 1042 pur-

293 1082 459 1164 puratum
473 1063 545 1162 ejus
557 1068 645 1150 ictu,
658 1079 808 1150 tenetur,
822 1058 1026 1134 ardentibus
1038 1058 1127 1130 focis
1138 1060 1250 1157 injicit
1265 1087 1340 1132 ma-

258 1201 275 1252 o
293 1207 397 1269 num,
415 1195 660 1277 terroremque
683 1181 839 1276 geminat
863 1173 958 1247 dolo.
982 1208 995 1238 ιι
1007 1177 1056 1246 Ut
1078 1180 1183 1264 scias,
1203 1180 1337 1275 inquit,

298 1330 312 1358 ιι
324 1322 432 1395 quem
454 1299 569 1365 virum
596 1291 781 1390 effugeris,
804 1290 900 1362 idem
924 1293 1072 1362 trecenti
1089 1289 1332 1389 juravimus:n

294 1489 376 1543 Halia.
390 1493 423 1557 V,
441 1492 490 1552 23;
505 1505 532 1542 et
546 1489 679 1541 Plutarch.
695 1489 794 1561 Poplic.

283 1579 329 1610 ἱ-
340 1571 425 1622 Ponte
439 1571 524 1622 reciso.
541 1570 687 1622 Sublicium
702 1570 798 1621 iutelli-

293 1651 347 1720 git,
371 1662 449 1722 atque
472 1651 597 1702 Romanis
618 1649 671 1700 hoc
690 1649 798 1702 Coclitis

293 1726 412 1798 periculo
428 1728 550 1793 monitis,
565 1727 716 1798 religiosum
732 1729 798 1794 luit,

295 1809 381 1878 inquit
402 1807 522 1874 Stadius,
542 1809 655 1879 posthac
676 1807 799 1861 eumdem

294 1900 403 1957 pontem
415 1905 470 1938 non
481 1905 512 1938 ex
525 1885 573 1938 alia
585 1890 707 1956 materia,
720 1907 799 1959 qnam

295 1985 326 2016 ex
341 1965 413 2037 ligno
425 1981 586 2018 construere.

331 2047 355 2097 5.
366 2045 489 2099 Scaevola.
499 2045 603 2099 Mucius
614 2046 719 2098 Cordus
731 2046 800 2099 dice-

296 2123 382 2189 batur,
398 2124 445 2176 sed
458 2139 552 2196 postea
567 2125 602 2176 ob
617 2124 719 2178 cladem
735 2125 799 2177 dex-

296 2215 340 2254 trae
351 2222 430 2274 quam
439 2203 507 2255 locis
517 2204 656 2273 injecerat,
667 2205 702 2254 ita
714 2201 800 2255 dictus

296 2296 335 2333 est
347 2301 362 2334 a
374 2283 466 2334 Graeco
480 2282 572 2343 σκιῖος,
586 2285 631 2354 qui
645 2296 748 2334 tantum
763 2283 800 2334 si-

296 2363 378 2412 nistra
389 2380 470 2413 manu
482 2365 574 2414 utitur.
586 2393 619 2402 -·-
633 2364 770 2416 antrnto.
779 2402 799 2413 ..

297 2439 357 2494 icto.
371 2443 413 2494 Sic
423 2442 502 2495 Plane
514 2443 655 2496 llicltianus
667 2463 729 2496 cnm
738 2456 799 2496 vett.

295 2519 417 2592 pluribus
438 2521 534 2582 codd.;
558 2536 584 2574 et
605 2526 700 2575 rectius
720 2542 800 2596 quam

297 2619 388 2652 omnes
404 2598 465 2666 alii,
482 2619 548 2672 quos
568 2602 709 2654 Salmasius
729 2603 801 2655 evol·

296 2683 340 2732 vit.
355 2681 485 2734 Frustmto
504 2683 573 2733 enim
587 2681 630 2733 hic
645 2686 747 2754 passive
761 2683 801 2736 di-

839 1507 895 1540 rnm
906 1528 914 1556 ‚
927 1489 971 1542 alii
984 1508 1063 1562 qnam
1078 1491 1137 1556 vix,
1151 1504 1201 1541 etc.
1218 1489 1338 1542 Dulterus

839 1583 927 1620 autem
939 1568 976 1620 nil
988 1583 1109 1635 mutans,
1123 1568 1290 1621 solummodo
1302 1573 1339 1621 sic

838 1647 909 1700 hunc
922 1647 1010 1699 locum
1021 1647 1172 1718 distinguit:
1189 1672 1200 1696 ι
1210 1653 1245 1700 Ut
1256 1651 1339 1714 scias,

841 1731 968 1798 sinquit,
994 1747 1074 1799 quem
1095 1732 1180 1780 virum
1206 1730 1338 1800 effugeris.

841 1831 852 1853 s
863 1807 935 1860 ldem
946 1808 1058 1859 trecenti
1068 1809 1223 1877 juravimus.
1235 1829 1246 1852 ι
1260 1807 1340 1859 Nem·

839 1905 882 1958 pe,
890 1887 1088 1958 inquit,Florus
1096 1886 1150 1937 duo
1161 1884 1274 1936 dixerat:
1286 1886 1341 1938 Pri·

840 1985 927 2030 mum,
944 1966 1088 2019 ardentibus
1097 1965 1167 2038 focis
1182 1963 1268 2035 injicit
1281 1983 1340 2016 ma·

840 2065 903 2096 anm
909 2069 918 2108 ‚·
929 2044 1037 2108 deinde,
1048 2058 1166 2098 terrorem
1171 2044 1341 2119 geminotdo-

841 2123 876 2175 lo.
894 2125 939 2174 llis
954 2123 1008 2176 duo
1023 2124 1071 2176 alia
1086 2123 1190 2192 subjicit
1203 2141 1260 2194 quae
1274 2141 1341 2194 prte-

840 2205 995 2258 cedentibus
1003 2205 1196 2276 respondeant:
1208 2207 1304 2277 priori,
1312 2214 1343 2255 nt

840 2289 902 2340 scias
920 2306 996 2358 quem
1014 2288 1096 2340 uirum
1111 2288 1251 2360 essuperi55
1268 2289 1342 2360 quasi

841 2364 926 2428 dicat,
939 2365 992 2417 lroc
1002 2366 1062 2417 ideo
1073 2368 1142 2418 facio
1153 2380 1182 2418 ut
1191 2369 1258 2419 scias
1268 2369 1342 2435 cujus

841 2465 935 2498 manns
948 2445 1063 2500 hominis
1075 2449 1203 2508 evaseris;
1216 2448 1343 2518 posterio-

839 2527 876 2591 ri,
887 2525 955 2576 idern
966 2526 1072 2576 trecenti
1075 2526 1223 2596 juravimus
1228 2564 1237 2592 ,
1248 2543 1342 2596 nempe

840 2621 870 2658 ut
881 2619 956 2657 tuum
967 2617 1049 2676 caput
1062 2617 1224 2676 peteremus,
1239 2605 1276 2655 ita
1292 2618 1343 2656 ter·

840 2704 926 2738 rorem
937 2685 1006 2754 regis
1017 2685 1164 2754 geminans.
1176 2683 1284 2736 Minime
1297 2683 1344 2735 du·

296 2763 372 2824 citur,
392 2775 420 2811 ut
436 2759 557 2814 crebrum
577 2777 615 2814 est
634 2764 706 2834 apud
717 2766 799 2816 Vere·
839 2766 911 2817 bium
920 2767 984 2836 quin
993 2783 1024 2816 ea
1032 2764 1189 2816 fueritFlori
1199 2767 1342 2826 sententia;

297 2860 352 2893 res:
370 2859 482 2912 nempe,
499 2859 526 2893 se
543 2843 599 2913 ipse
616 2843 757 2896 frustratus
774 2857 800 2895 et
841 2859 867 2896 et
885 2846 922 2895 ita
940 2842 1013 2894 hunc
1030 2841 1120 2894 locum
1138 2843 1296 2896 intellexisse
1318 2857 1345 2896 ct

297 2939 404 2985 errans,
416 2923 513 2988 ictum,
525 2941 580 2974 non
593 2926 620 2974 iu
635 2942 738 2994 regem,
753 2923 801 2976 sed
840 2922 989 2974 distinxisse
1001 2920 1104 2973 videtur
1115 2921 1285 2986 Moarsrena,
1299 2923 1345 2973 Es·

296 3003 323 3052 in
336 3016 511 3072 purpuratum
528 3009 600 3073 ejus,
613 3023 691 3074 mem
711 3023 800 3074 regem
840 3003 904 3070 sais,
922 2999 967 3054 tio.
987 3003 1018 3068 1,
1034 3001 1110 3076 cbap.
1130 3001 1181 3068 lo,
1200 3001 1246 3054 ubi
1264 3002 1344 3052 Mucii

296 3097 353 3132 esse
362 3080 501 3148 credebat,
511 3081 613 3136 direxit.
621 3113 656 3122 —
664 3083 801 3154 Purpura-
840 3085 946 3137 facinus
956 3085 998 3136 his
1006 3085 1092 3137 verbis
1101 3085 1194 3136 refert:
1206 3109 1217 3132 α
1229 3083 1344 3136 Cbascun

298 3171 361 3214 tom.
380 3161 495 3213 Scribam
509 3177 588 3214 vocat
604 3165 692 3214 Livius
707 3166 742 3228 11,
757 3177 801 3227 ta,
841 3165 892 3220 snit
903 3163 1024 3217 l'lristoire
1036 3165 1066 3216 de
1077 3163 1184 3216 Scevolo
1191 3203 1200 3230 ‚
1213 3163 1273 3234 qui,
1287 3159 1344 3213 s'es·

297 3257 323 3309 7,
340 3255 366 3290 et
381 3240 471 3292 Sidon.
489 3240 575 3292 Carm.
589 3244 622 3306 V,
635 3243 677 3294 αθ.
690 3243 799 3314 Dionys.
842 3252 900 3296 tant
919 3243 997 3294 could
1014 3243 1077 3294 dens
1095 3241 1120 3292 le
1138 3259 1213 3311 camp
1232 3257 1344 3310 ennemy

298 3319 378 3370 etiam
393 3321 424 3382 V,
442 3320 489 3380 28,
502 3333 580 3369 vocat
594 3316 750 3386 sperauerint.
765 3351 802 3360 -
839 3339 949 3393 ponren
960 3316 1345 3390 tnerleclrcf,etayantfnilly

297 3395 374 3450 Dolo.
388 3399 458 3448 Dum
469 3397 569 3450 scilicet
581 3401 687 3452 simulat
698 3413 800 3454 trecen·
841 3400 990 3452 d'attat'ncte
999 3439 1008 3466 ,
1018 3417 1087 3472 pour
1097 3399 1231 3469 reprendre
1241 3415 1288 3451 son
1302 3396 1344 3468 es-

299 3490 340 3527 tos
357 3478 496 3546 juravisse.
515 3478 604 3529 uvius
626 3479 725 3530 nullam
746 3479 800 3530 doli
836 3479 894 3551 fect
909 3479 984 3531 dune
994 3478 1054 3553 plns
1065 3487 1180 3550 estrange
1195 3477 1345 3542 invention,

299 3558 460 3607 mentionem
475 3556 554 3622 lacit,
569 3556 615 3608 sed
629 3556 657 3608 id
669 3559 745 3630 qnasi
756 3577 801 3609 ve-
842 3571 867 3612 et
881 3559 1033 3632 desclnrper
1044 3577 1071 3609 sa
1083 3557 1184 3629 patrie,
1201 3557 1315 3628 confessa
1329 3557 1345 3606 n

300 3653 357 3686 rum
371 3633 458 3686 tradit.
844 3640 989 3704 Porsenna,
1008 3639 1055 3710 qni
1074 3637 1147 3689 estoit
1169 3635 1194 3688 le
1215 3655 1260 3706 roy
1278 3633 1347 3708 qu'il

334 3713 359 3764 6.
377 3714 459 3784 Quem
473 3715 719 3768 virum...tiecenti
723 3719 802 3788 jnra-
845 3719 946 3770 vonloit
971 3729 1040 3783 tuer,
1065 3735 1118 3770 non
1138 3715 1278 3769 seulement
1299 3734 1346 3767 son

301 3795 391 3847 nimus.
407 3795 484 3846 Hunc
503 3795 591 3847 locum
610 3796 722 3848 multum
739 3797 803 3848 soli·
843 3793 1348 3868 desseinp,mnisndionstaqa’ilyavoit

301 3876 447 3927 citaverunt
472 3891 711 3928 commentatores:
738 3877 803 3948 quid
844 3895 875 3927 en
891 3893 936 3928 son
954 3895 1031 3948 comp
1049 3895 1085 3927 un
1099 3875 1185 3949 prnnd
1198 3873 1302 3926 nombre
1315 3873 1347 3924 tle

302 3955 370 4004 enim
391 3954 442 4005 hoc
464 3955 497 4006 ad
518 3959 716 4008 aestimationem
734 3958 803 4021 viri,
844 3957 968 4008 Romnins
988 3955 1126 4026 complices
1145 3954 1177 4004 de
1197 3973 1243 4006 son
1264 3963 1347 4005 entre·

303 4046 452 4098 trecentos,
471 4053 505 4085 an
524 4035 583 4106 plns
602 4038 737 4098 minusve,
754 4035 803 4086 ha·
842 4035 944 4106 priate,
958 4035 1067 4115 tels'que
1079 4035 1131 4086 lui:
1146 4044 1185 4098 et,
1198 4051 1347 4104 ponrmon·

303 4111 365 4163 beat
379 4113 485 4163 socios?
498 4113 599 4165 ldcirco
612 4135 660 4186 pro
672 4133 748 4186 quem
764 4115 803 4164 oi·
845 4113 965 4185 trerqnel
977 4114 997 4164 il
1008 4115 1096 4178 estoit,
1109 4111 1212 4165 s'estant
1219 4112 1292 4184 faint
1304 4131 1347 4182 np-

304 4211 376 4257 nnn,
397 4191 440 4242 alii
462 4195 633 4262 conjecerunt
654 4213 733 4266 quom
753 4215 803 4266 pn·
843 4189 930 4261 portes·
948 4211 982 4243 nn
1004 4193 1106 4258 brosier,
1127 4194 1176 4243 veis
1195 4205 1219 4243 et
1241 4189 1348 4262 souffrit
