3156 4950
506 577 648 642 urano
670 575 931 641 snounnus.
1180 595 1238 660 ¹97

213 742 215 751 ·
250 699 318 772 Sed
331 725 403 773 non
418 704 533 772 minus
547 703 769 791 Numantini,
785 725 898 799 quam
907 697 1058 771 Caudini
1072 694 1163 769 illius
1176 696 1239 770 foe·
1275 731 1290 784 7

201 811 293 887 deris
304 815 453 915 flagrans
465 819 657 916 ignominia
672 841 712 887 ac
726 813 866 914 pudore
877 812 1029 912 populus
1042 815 1240 903 Romanus,

200 927 354 1003 dedecus
375 931 521 1032 quidem
541 934 720 1029 praesentis
733 929 878 1038 gllagitii
884 927 1065 1001 deditione
1083 930 1240 1001 Mancini

200 1049 370 1141 expiavit3
387 1062 570 1135 caeterum,
586 1044 676 1118 duce
691 1045 873 1142 Scipione,
890 1041 1110 1142 Carthaginis
1124 1047 1241 1116 incen·
1274 1058 1291 1111 e

200 1156 266 1230 diis
279 1159 326 1231 ad
340 1160 477 1232 excidia
489 1160 633 1232 urbium
644 1158 800 1247 imbuto,
813 1156 958 1229 tandem
972 1160 1079 1228 etiam
1090 1160 1127 1227 in
1138 1155 1241 1228 ultio·

199 1299 282 1345 nem
298 1275 496 1348 excanduit.
521 1273 591 1346 Sed
611 1290 695 1345 tunc
718 1276 832 1346 acrius
854 1277 891 1343 in
914 1274 1053 1362 castris,
1076 1297 1184 1370 quarn
1204 1275 1240 1344 in
1274 1295 1292 1349 9

199 1414 347 1488 carnpo,
372 1405 494 1463 nostro
516 1415 598 1462 curn
618 1386 748 1479 milite,
772 1413 880 1487 quam
903 1413 986 1459 cum
1005 1389 1241 1480 Numantino,

198 1502 432 1602 praeliandum
446 1503 525 1576 fuit.
539 1494 684 1600 Quippe
700 1500 844 1574 assiduis
859 1517 895 1574 et
911 1487 1045 1600 injustis
1062 1516 1098 1573 et
1111 1498 1242 1574 servili·
1261 1519 1292 1556 ¹⁰

197 1616 265 1688 bus
279 1622 432 1691 maxime
444 1617 610 1717 operibus
624 1621 747 1707 attriti,
760 1616 856 1690 ferre
869 1614 1006 1715 plenius
1018 1613 1165 1705 vallum,
1179 1620 1242 1716 qui

199 1756 299 1804 arma
313 1736 506 1824 nescirent;
523 1733 598 1805 luto
614 1735 808 1831 inquinari,
820 1735 887 1831 xqui
905 1735 1073 1830 sanguine
1086 1728 1239 1818 nollent,

197 1846 421 1945 jubebantur.
438 1848 494 1921 Ad
512 1847 583 1922 hoo
602 1865 733 1938 scorta,
753 1846 910 1938 calones,
928 1851 1089 1937 sar'cinae,
1108 1849 1174 1916 nisi
1193 1844 1239 1917 ad

198 1985 299 2032 usum
312 1967 531 2052 necessariae,
547 1979 784 2060 amputantur.
800 1965 928 2036 «Tanti
940 1989 1014 2034 esse
1027 1963 1237 2046 exercitum,
1259 1989 1287 2024 rr

202 2081 650 2176 «quantiimperatorern,a
662 2104 746 2150 vere
757 2077 941 2176 proditum
951 2091 1011 2149 est.
1023 2077 1079 2147 Sic
1091 2072 1238 2146 redacto

197 2288 262 2352 bie;
274 2309 323 2344 nec
336 2295 473 2367 quisquam
484 2298 657 2368 interpretum
669 2296 697 2348 id
738 2296 773 2350 les
786 2297 860 2368 ptine
875 2293 979 2348 dabord
993 2293 1026 2345 de
1040 2302 1096 2345 tout
1108 2308 1136 2342 ce
1146 2291 1193 2364 qui
1203 2289 1239 2342 les

197 2369 327 2439 exposuit.
347 2372 482 2425 Sententia
496 2373 637 2426 verborum
655 2376 698 2426 vix
736 2375 930 2430 avaitamallis.
944 2375 991 2427 Les
1002 2372 1100 2446 le‘pions
1111 2370 1238 2424 romaines

196 2445 247 2500 alia
262 2467 319 2502 esse
330 2462 434 2522 potest,
446 2471 525 2524 qnam
536 2456 670 2506 Romanos
683 2473 697 2505 a
737 2454 857 2509 ont-elles
868 2454 943 2528 paud
953 2471 1009 2507 sous
1023 2451 1119 2525 lejoup
1134 2467 1167 2501 en
1181 2449 1238 2500 Nu·

196 2526 363 2581 Numantinis
386 2543 493 2584 coactos
518 2532 599 2586 fuisse
624 2551 696 2584 arma
736 2535 964 2590 midiei’Mdtellus
973 2537 1061 2606 τέρατι
1069 2541 1133 2584 cette
1144 2530 1237 2596 lente,

197 2605 315 2674 tradere,
334 2607 381 2663 sed
400 2629 478 2663 nemo
498 2609 550 2663 hoc
570 2609 695 2684 prodidit.
736 2619 778 2670 des
793 2615 857 2692 qu'r'l
875 2617 933 2670 leur
948 2637 964 2668 a
977 2616 1035 2688 fait
1050 2611 1184 2685 repirendre.
1202 2609 1238 2662 let

195 2683 326 2739 Douros.
735 2691 1240 2761 institutinnsunciennes.Marlutfflw?

232 2782 257 2834 7·
271 2765 412 2820 Caudini...
417 2769 604 2841 faederisvide
615 2789 694 2842 supra
737 2777 817 2828 lettre
833 2775 869 2828 les
886 2777 995 2828 Cimbres
1012 2783 1039 2824 et
1055 2770 1091 2823 les
1107 2769 1237 2834 Teutone,
1285 2837 1288 2844 Ι

199 2839 246 2906 16,
260 2858 299 2894 ¹²·
735 2873 883 2908 commence
900 2874 951 2926 par
965 2855 1103 2905 deteurner
1117 2847 1237 2921 derflete-

232 2922 256 2974 8.
272 2921 385 2974 Imdatn.
405 2922 435 2974 ld
453 2939 508 2989 est,
524 2927 646 2978 exercito.
660 2957 696 2968 --
736 2952 793 2993 ves,·
808 2943 833 2983 et
846 2933 921 3003 Sylla
929 2932 986 3003 fait
998 2930 1020 2981 si
1033 2928 1089 2978 dt'ett
1106 2923 1238 2976 travalllt’r

196 2997 353 3052 Excanduit.
366 2999 395 3051 Id
407 3015 463 3067 est,
475 3005 578 3054 exarsit.
736 3009 773 3063 les
788 3008 882 3063 soldate
897 3010 929 3061 de
943 3025 990 3060 son
1004 3004 1104 3068 arunte,
1120 3001 1246 3074 ‘fffflst‘v

234 3094 273 3132 ro.
296 3078 397 3149 Quippe
418 3079 560 3132 assiduis...
582 3081 697 3151 operibus
736 3088 767 3139 de
790 3086 817 3138 la
837 3104 931 3158 querre
953 3094 1041 3136 contre
1066 3081 1237 3147 Mithridate,

194 3157 306 3210 attriti...
319 3169 430 3210 scorta...
445 3167 625 3228 amputantur.
643 3161 697 3230 Op·
736 3164 811 3237 qu'ils
832 3165 872 3216 lui
892 3162 1076 3216 demanddrmt
1095 3161 1120 3214 le
1137 3161 1238 3212 comdat

195 3237 257 3288 nme
272 3238 352 3308 igitur
366 3237 433 3290 dixit
444 3237 650 3304 Mourmurrm,
662 3237 696 3290 de
736 3263 836 3298 comme
851 3244 878 3297 la
885 3243 931 3316 fin
945 3243 977 3296 de
990 3242 1058 3294 leurs
1072 3243 1168 3313 peinee.
1179 3263 1190 3286 ι
1201 3269 1237 3280 -

194 3314 329 3386 disciplina
341 3317 448 3370 militari
463 3335 543 3388 agens
558 3315 630 3390 apud
641 3321 696 3371 llu-
735 3323 845 3376 Plenius
857 3322 966 3375 vallum.
978 3320 1009 3374 Id
1021 3334 1073 3386 eat,
1086 3319 1176 3392 plures
1186 3317 1238 3369 val-

193 3411 304 3447 manos:
329 3395 444 3449 «Teates
466 3396 502 3449 les
514 3395 571 3468 fois
590 3415 639 3470 que
661 3396 696 3450 les
735 3400 789 3466 los,
803 3420 883 3472 quam
893 3397 1236 3474 promere-Vallosautem

194 3471 317 3526 Romains
331 3493 357 3526 se
371 3485 476 3528 crurent
489 3495 522 3527 en
538 3477 643 3551 danger,
660 3495 694 3528 ou
735 3498 825 3533 secum
836 3479 976 3550 gestabant
987 3479 1096 3545 milites,
1107 3491 1136 3529 ut
1148 3477 1235 3529 statim

194 3548 271 3622 qu'ils
298 3553 436 3607 ventarent
460 3558 564 3628 reparer
584 3555 695 3630 quelque
734 3557 877 3613 revellare
896 3577 927 3610 ao
946 3561 1049 3610 munire
1067 3569 1193 3630 possent,
1214 3555 1236 3606 si

191 3639 277 3699 perte,
287 3630 427 3701 cefutune
432 3637 554 3706 pratiqae
562 3646 695 3689 constante
734 3651 820 3691 castra
833 3635 921 3690 subito
936 3637 1050 3702 locanda
1065 3650 1111 3690 aut
1125 3633 1175 3691 alia
1190 3652 1236 3685 Πε-

193 3708 254 3759 cltez
270 3726 335 3773 etex,
353 3709 500 3781 daffennir
515 3711 541 3765 la
559 3713 695 3786 discipline
734 3720 841 3771 cessitas
851 3731 927 3770 esset.

193 3787 325 3839 militaire.
340 3788 437 3842 Oret-ils
450 3791 466 3839 t
476 3791 549 3860 faire
563 3793 590 3844 la
603 3811 695 3865 quem
773 3814 811 3850 rr.
828 3797 909 3849 Tanti
917 3817 966 3850 este
977 3799 1116 3850 exercitum
1124 3833 1133 3860 ‚
1145 3795 1238 3866 quanti

193 3883 247 3916 aux
264 3867 369 3933 latins,
387 3867 485 3937 peuple
501 3871 567 3921 aussi
580 3872 696 3942 querrier
734 3875 924 3946 imperatorem.
934 3877 1002 3927 Hine
1012 3873 1077 3925 dixit
1086 3873 1189 3936 livius,
1200 3873 1236 3940 11,

192 3939 416 4013 qubus-memes?
437 3943 558 3996 Manlius
579 3965 656 4023 suuqe
677 3950 694 3998 «t
734 3952 781 4022 39,
804 3968 835 4001 r:
857 3953 941 4005 «lietu
960 3953 1105 4004 Romanam
1125 3949 1237 4004 ducibus

192 4019 466 4093 meqmentenlafarce
478 4021 515 4074 du
529 4025 695 4076 commande-
738 4047 838 4100 aquarn
863 4032 979 4082 exercitu
1008 4031 1180 4092 fortiorem·
1211 4045 1238 4082 et

192 4111 279 4167 ment,
298 4110 324 4151 et
334 4099 392 4170 fait
409 4103 510 4153 mount
526 4121 571 4154 ron
583 4099 632 4174 fils
649 4105 695 4175 qui
735 4109 786 4160 alio
797 4111 874 4162 etiam
884 4109 944 4163 loco
951 4113 984 4179 V,
996 4113 1045 4180 28,
1056 4113 1086 4166 5:
1099 4137 1110 4161 r
1121 4108 1239 4165 Multitu-

193 4181 263 4234 auait
273 4183 368 4234 vainau
376 4201 435 4236 sam
442 4201 488 4235 son
496 4183 576 4234 ordre
585 4182 695 4238 Sunt-ils
738 4185 846 4240 udinem
859 4207 962 4264 semper
972 4192 1054 4244 fenne
1067 4205 1158 4264 regent
1166 4187 1241 4247 'iesse

193 4249 694 4332 battuserumance?ScipionEmilien
737 4267 875 4320 numilem.
889 4291 899 4316 ι
