3102 4942
328 496 365 560 18
721 495 782 558 DE
805 496 829 558 F
837 493 965 560 LORO

364 617 462 698 liujus
481 615 564 678 Flori
585 615 734 676 babemus
756 619 910 699 Epitomcn
927 617 962 678 tle
979 621 1063 699 qeuis
1086 621 1282 680 mmmmm
1301 620 1364 682 sive

324 721 430 778 Rerum
444 718 642 775 Romanarum
654 713 738 774 libros
749 717 802 789 IV,
816 715 855 774 ub
868 717 905 774 U.
918 715 951 774 C.
966 714 1004 775 ad
1019 717 1090 775 leni
1100 716 1253 798 templum
1263 720 1364 800 prime

324 817 388 875 vice
406 813 544 874 clausum
562 813 618 872 sub
635 815 771 893 Augusto
786 814 982 894 imperatore.
999 813 1095 897 Supra
1111 813 1164 874 lib.
1182 815 1213 891 l,
1230 836 1296 898 cap.
1318 837 1364 891 11,

325 912 589 985 observatumest,
601 911 635 968 Τ.
648 909 769 970 bivium
785 910 818 970 in
834 911 969 972 Historia
981 911 1122 972 Romana
1138 910 1220 972 idem
1231 911 1295 973 fere
1306 913 1364 973 sibi

322 1008 468 1090 temporis
486 1008 619 1088 spatium
637 1004 870 1066 describendum
888 1008 1101 1089 proposuisse:
1120 1008 1203 1068 unde
1220 1008 1363 1084 fuerunt,

323 1106 377 1187 qui
388 1105 466 1163 Livii
477 1104 632 1185 epitomen
646 1101 692 1162 bis
705 1102 792 1164 libris
803 1103 955 1164 contineri
970 1103 1114 1166 dicerent.
1127 1106 1173 1165 Sic
1185 1105 1218 1165 in
1230 1105 1364 1166 editione

321 1201 513 1276 Florentius,
524 1222 551 1260 a.
564 1201 654 1275 1510,
665 1201 741 1276 in-8‚
756 1202 877 1262 Justino
889 1199 1005 1261 bilibri
1015 1200 1223 1282 subjiciuntur
1233 1223 1269 1264 ex
1282 1201 1365 1262 Phil.

320 1296 460 1360 Beroaldi
475 1299 665 1373 recensione,
680 1296 741 1358 hoc
752 1296 858 1358 titulo:
872 1297 951 1362 Flori
963 1301 1134 1379 Epitomota
1143 1313 1364 1382 quatuorqunm

320 1395 479 1458 cultissium
490 1399 521 1456 in
533 1397 569 1456 X.
583 1399 616 1456 T.
628 1397 702 1456 bivii
716 1395 853 1456 Decudes.
865 1395 922 1456 Sed
934 1418 953 1456 e
964 1397 1050 1456 livio
1067 1417 1133 1457 non
1150 1397 1242 1460 semel
1256 1399 1290 1458 in
1303 1395 1364 1457 boc

200 1533 201 1536 ¹
320 1515 411 1576 opere
433 1494 592 1554 dissentire
609 1492 739 1554 Florum
759 1495 879 1554 nomvit
900 1494 1018 1575 Lipsius
1039 1495 1073 1554 in
1094 1493 1218 1571 Electis,
1238 1495 1292 1556 lib.
1314 1495 1363 1570 ll,

320 1613 385 1673 cap.
402 1590 435 1666 5,
448 1603 478 1650 et
492 1592 555 1673 ipse
571 1589 660 1667 dicit,
673 1611 704 1650 se
717 1611 735 1650 a
746 1591 837 1652 variis
849 1590 1026 1652 auctoribus
1038 1593 1179 1652 sumsisse
1187 1611 1363 1673 sun,quos,

319 1701 354 1748 ut
375 1689 407 1748 in
424 1686 479 1746 tali
499 1689 651 1770 epitome,
672 1708 739 1748 non
761 1689 945 1750 nominatim
964 1691 1226 1750 commemorarit.
1244 1687 1364 1751 Multus

320 1796 424 1844 autem
433 1783 543 1844 Florus
557 1797 601 1844 est
616 1786 650 1844 in
661 1783 752 1846 leude
764 1805 867 1846 rerum
878 1808 897 1846 a
909 1786 1055 1848 Romanis
1066 1796 1240 1866 gestarum,
1252 1798 1288 1848 ut
1297 1805 1364 1846 non

319 1893 384 1942 tam
393 1902 521 1942 narrare
531 1881 627 1957 belle,
637 1904 734 1965 quarn
743 1896 927 1967 perpetuum
935 1885 1133 1946 victoriarum
1143 1902 1298 1964 paesnem,
1310 1883 1364 1944 tle-

316 1977 402 2053 ride,
420 1980 473 2040 sed
489 1980 645 2042 interdum
657 1982 696 2042 ad
708 1983 862 2065 poeticam
876 1981 1040 2044 accedente
1052 1969 1187 2042 dictione
1200 1980 1364 2042 <lemnum

318 2076 459 2138 videatur
477 2078 567 2140 brevis
585 2078 632 2142 lic
651 2094 679 2141 et
693 2095 824 2164 comptus
845 2083 1019 2156 merrtem,
1039 2095 1075 2142 ut
1092 2093 1220 2140 vocatur
1238 2099 1257 2137 a
1277 2076 1363 2140 lulio

320 2173 422 2250 Celso,
434 2197 466 2258 p.
480 2179 534 2238 118
546 2177 618 2240 edit.
631 2177 752 2238 Grrevii.
764 2179 826 2238 Sub
837 2176 971 2258 Trajauo
986 2178 1148 2260 scripsisse,
1161 2175 1317 2256 colligitur
1326 2194 1363 2234 ex

317 2271 417 2332 verbis
431 2274 575 2354 prooemii
588 2273 641 2333 lib.
655 2275 668 2334 l
680 2297 686 2332 :
701 2300 716 2330 u
725 2275 788 2336 ttisi
799 2275 885 2356 quod
896 2275 954 2336 sub
965 2274 1099 2354 Trojano
1111 2273 1250 2357 principe
1261 2283 1364 2334 movet

320 2369 488 2444 ulacerms,
509 2385 540 2431 et
559 2385 667 2453 prester
688 2393 773 2456 spem
791 2356 937 2436 omnium
960 2385 1097 2434 senectus
1116 2372 1253 2456 imperii,
1276 2368 1364 2452 quasi

320 2489 334 2520 u
342 2465 461 2526 reddita
467 2464 644 2546 juventute,
656 2471 843 2532 revirescite
858 2471 920 2547 Qui
930 2471 986 2532 sub
999 2469 1136 2530 Adriano
1146 2469 1282 2542 molunt,
1293 2485 1364 2528 cum

316 2564 489 2626 Nazeriano
505 2565 610 2628 codice
623 2567 730 2648 legunt
743 2570 833 2629 necuit
846 2567 972 2633 taceres
985 2569 1042 2630 llis
1052 2567 1194 2630 assentiri
1203 2563 1323 2638 liceret,
1339 2563 1364 2622 si

317 2658 429 2724 deinde
442 2662 555 2724 diceret
566 2667 775 2740 leuetur-(non
788 2668 959 2746 revirescit),
974 2687 1032 2728 nec
1041 2663 1194 2728 Hadriani
1209 2663 1365 2724 omitteret

317 2759 518 2821 mentionem.
539 2761 633 2837 Quod
650 2783 724 2824 vero
742 2765 800 2838 sit,
821 2763 860 2824 sb
878 2764 1019 2844 Augusto
1037 2761 1123 2822 baud
1140 2759 1242 2825 multo
1260 2759 1364 2819 minus

317 2854 448 2918 abfuisse
468 2879 566 2939 quum
590 2859 732 2922 scriberet
751 2881 849 2924 annos
870 2883 946 2937 uno,
968 2881 1026 2943 pro
1046 2881 1084 2923 eo
1105 2857 1271 2940 legendum
1292 2855 1365 2928 15⁰2

316 2955 394 3018 sicut
413 2956 495 3037 apud
517 2955 714 3021 philastrium
734 2981 760 3019 c.
780 2959 848 3022 GXl
866 2979 925 3042 pro
942 2956 1002 3034 430
1017 2956 1245 3030 demonstravi,
1260 2953 1365 3035 legen·

317 3050 393 3112 dum
414 3053 483 3114 380.
503 3053 608 3135 Neque
627 3054 676 3118 bis
696 3069 742 3118 est
762 3056 940 3133 adversum,
960 3056 1047 3138 quod
1068 3066 1175 3138 possen
1194 3043 1288 3116 etism
1304 3049 1364 3116 ulis

316 3151 434 3233 scripsit
444 3150 553 3212 Florus
564 3153 714 3218 Hadriani
727 3167 832 3232 mtete,
847 3155 932 3217 unde
944 3177 964 3218 e
974 3153 1132 3228 Charmis,
1146 3153 1200 3216 lib·
1216 3151 1251 3224 l,
1263 3169 1295 3229 Ρ·
1308 3147 1363 3222 38,

316 3247 449 3310 citantur
469 3249 576 3312 tanei
595 3249 679 3314 Flori
702 3251 742 3314 ad
764 3253 801 3314 D.
824 3253 998 3314 Adrienrun
1016 3251 1127 3312 verba:
1151 3247 1298 3308 Poematis
1317 3244 1364 3306 de·

317 3341 418 3418 lecton
440 3359 469 3408 et
489 3370 520 3428 p.
543 3349 615 3422 113,
633 3352 718 3428 quasi
734 3349 770 3410 de
788 3349 887 3410 Arube
903 3362 957 3410 aut
974 3351 1115 3410 Swnua
1134 3341 1299 3406 minutus
1324 3341 1364 3402 Et

318 3427 494 3522 Spartianus
511 3446 545 3506 iu
564 3446 689 3513 Adriani
702 3447 779 3520 rita,
790 3467 857 3527 cep.
875 3447 928 3520 16,
942 3442 1050 3518 refert,
1062 3461 1135 3506 eum
1150 3439 1246 3504 Floro
1263 3452 1363 3521 poete

318 3539 464 3600 scribenti
475 3541 570 3617 adse,
582 3540 722 3624 Εφοηοίο
733 3544 831 3606 cose
840 3561 910 3617 esse,
922 3553 994 3616 erc,
1007 3539 1206 3622 rescripsisse:
1219 3540 1286 3620 Epo
1297 3535 1363 3598 uoto

317 3634 422 3698 Florio
430 3657 505 3712 esre,
525 3653 580 3700 etc
595 3639 677 3702 Huic
689 3639 774 3702 enim
784 3638 878 3700 Floro
889 3639 984 3700 etism
999 3637 1144 3700 tribuunt
1158 3636 1217 3700 riri
1234 3631 1362 3705 eruditi,

317 3743 441 3794 utente
462 3734 595 3811 dictum,
616 3757 684 3818 quae
703 3737 781 3796 iuter
801 3750 902 3798 vetere
927 3747 1073 3818 poemate
1094 3732 1232 3816 vulgarit
1250 3731 1362 3792 ‚Petrus

318 3825 451 3894 Pithaeus
470 3830 509 3892 de
522 3832 669 3912 ¹qualitate
682 3833 767 3907 vite,
787 3846 816 3894 et
834 3831 1022 3914 Peruiqiliwn
1042 3833 1173 3904 Veneris,
1193 3840 1223 3888 et
1237 3824 1361 3890 tertium

318 3925 403 4004 quod
413 3927 530 4010 incipit:
540 3933 570 3994 V
567 3929 851 4014 emutalieptuodo
858 3951 935 3993 msoe.
944 3928 1171 3992 Multchlcro
1177 3921 1362 3992 Jornendoes

317 4021 417 4093 mulis
431 4027 525 4090 ctiam
540 4028 697 4093 Frecullus
713 4030 746 4090 in
762 4028 938 4103 Chronico,
950 4028 1114 4090 Vincentio
1131 4023 1248 4087 Bellov.
1264 4035 1295 4084 et
1310 4017 1361 4080 alii

315 4116 461 4200 juniores.
475 4123 518 4183 Ex
531 4124 672 4186 Freculfo
687 4125 754 4186 locs
769 4127 912 4207 quaedam
927 4125 1011 4190 Flori
1025 4123 1142 4186 restitui
1156 4116 1360 4204 possederit·
