3026 4956
380 535 385 544 ·
438 505 583 570 LIBER
605 501 927 569 MEMORIALIS.
1142 507 1199 594 39¹

159 630 312 704 Annibal
324 648 448 705 contra
464 631 580 704 loedus
594 634 790 732 Saguntum
800 636 989 704 evertisset.
1007 635 1126 705 Prima
1139 632 1207 707 cla·

160 748 222 821 des
237 746 340 848 hujus
356 746 441 822 belli
458 747 555 847 apud
571 739 809 837 'Listernum
825 745 1011 820 vulnerato
1021 751 1124 822 Patre
1136 749 1207 820 Sci-

130 893 133 898 ·
160 866 284 961 pione3
301 889 408 963 quem
420 861 565 935 Publius
577 864 713 961 Scipio,
730 859 893 933 nondum
906 861 1036 959 pubes,
1051 867 1207 960 protexit

160 1005 200 1051 ac
212 976 386 1053 liberavit.
402 977 565 1052 Secunda
579 976 697 1051 clades
713 976 809 1075 apud
822 975 1009 1068 Trebiam
1021 976 1206 1051 vulnerato
1243 1003 1247 1010 ·

159 1091 309 1167 ³Flacco
327 1092 492 1167 Consule.
505 1095 627 1166 Tertia
643 1091 741 1190 apud
752 1089 1053 1190 Thrasymenum,
1071 1108 1208 1166 vastato

159 1208 320 1282 Flaminii
340 1212 506 1282 exercitu.
527 1209 666 1300 Quarta
685 1205 782 1306 apud
800 1207 956 1297 Cannae,
972 1204 1096 1280 deletis
1115 1206 1209 1281 duo·

158 1322 224 1395 bus
246 1323 457 1396 exercitibus
480 1321 593 1396 Paulli
610 1319 772 1396 Consulis
791 1337 925 1412 morte,
946 1323 1104 1394 Terentii
1125 1321 1211 1422 fuga

160 1443 340 1512 Varronis.
358 1442 484 1512 Postea
500 1464 587 1511 vero
607 1452 760 1538 quatuor
778 1437 886 1510 duces
899 1439 1023 1508 Punici
1038 1435 1123 1509 belli
1136 1436 1211 1537 glo·

159 1556 249 1625 riam
262 1548 329 1623 sibi
342 1551 534 1624 vindicant.
554 1551 684 1625 Fabius
697 1556 770 1624 sive
784 1552 997 1642 Cunctator,
1018 1555 1079 1650 qui
1095 1555 1210 1627 immi·

159 1681 304 1739 nentem
326 1667 425 1740 urbis
451 1666 589 1740 excidio
612 1665 825 1740 Annibalem
847 1691 951 1741 mora
972 1666 1088 1767 fregit.
1115 1669 1210 1740 Mar·
1243 1711 1246 1716 ·

159 1776 286 1874 sellus,
307 1785 371 1880 qui
394 1785 529 1879 primus
551 1780 717 1854 Annibali
740 1780 837 1880 apud
857 1779 988 1856 Nolam
1009 1785 1151 1870 restitit,
1174 1798 1211 1855 et

159 1894 364 1969 inclinatam
378 1896 452 1995 ejus
468 1902 582 1970 aciem
597 1895 719 1995 4paene
734 1901 825 1968 ictus
841 1900 1021 1970 cruciavit.
1040 1894 1210 1976 Claudius

159 2012 272 2102 Nero,
288 2015 349 2110 qui
364 2015 566 2086 venientem
578 2009 623 2084 ab
637 2013 809 2112 Hispania
819 2009 1056 2084 Asdnrbalem
1067 2035 1151 2082 curn
1161 2015 1210 2084 in·

145 2125 321 2236 ‘gentibus
333 2131 462 2227 copiis,
475 2132 685 2226 priusquam
696 2153 732 2200 se
744 2124 911 2198 Annibali
918 2125 1098 2226 jungeret,
1113 2143 1209 2200 exce·

159 2244 228 2338 pit,
248 2258 284 2313 ct
301 2245 435 2342 ingenti
450 2240 574 2340 praelio
590 2245 687 2314 vicit.
708 2243 871 2315 Tertium
884 2245 1058 2314 Punicum
1073 2239 1210 2316 bellum

159 2354 304 2454 majoris
321 2354 442 2456 gloriae
459 2382 570 2456 qnam
589 2360 709 2455 operis
728 2355 807 2428 fuit.
826 2359 934 2446 Nam,
950 2355 1100 2432 Manilio
1114 2359 1211 2434 Con·

158 2468 249 2561 sule,
263 2469 472 2544 inchoatum
489 2470 667 2544 excidium
681 2455 903 2570 Carthaginis
920 2473 1040 2570 Scipio
1053 2470 1208 2552 AEmilia·

158 2610 223 2656 nus
251 2589 528 2676 consummavit;
554 2609 626 2658 una
651 2611 734 2658 cnm
759 2585 931 2685 ⁵Tigrane
956 2591 1101 2668 incensa
1123 2587 1210 2660 Car-

158 2698 301 2800 thagine
317 2706 426 2775 totius
445 2701 573 2776 Africae
594 2702 721 2777 ⁶urbes
740 2707 1009 2802 inperpetuum
1026 2706 1208 2801 repressit,

160 2815 259 2913 quod
272 2832 398 2888 contra
410 2815 554 2890 foederis
568 2823 773 2917 pactionem
785 2816 1091 2917 Carthaginienses
1101 2843 1209 2915 repa-

160 2943 293 3001 rassent
306 2929 448 3020 classes,
463 2946 499 3003 et
514 2949 614 3005 arma
627 2933 786 3006 finitimis
799 2931 1004 3004 intulissent.

195 3129 220 3168 s.
241 3117 395 3168 litteratum
417 3116 539 3169 Ticinum
555 3119 663 3187 conjitit
705 3118 838 3169 Cntcicvit
854 3135 962 3191 quoquc
979 3130 1136 3189 corruptum
1153 3135 1209 3171 csse

160 3191 277 3245 Freinsh.
293 3193 328 3247 nd
338 3193 409 3247 Flor.
422 3192 459 3262 11,
470 3195 501 3262 6,
518 3209 556 3250 to.
703 3195 826 3248 arbitror.
838 3197 910 3248 Fert.
926 3195 1079 3264 tntcidavit,
1091 3196 1132 3250 vel
1144 3215 1209 3268 prc-

196 3273 220 3324 3.
230 3271 332 3324 licem.
343 3272 661 3346 Tisemproniobongo.
703 3273 805 3337 omnir,
818 3285 849 3326 ut
859 3293 882 3325 c.
891 3273 970 3328 XLII.

160 3347 220 3402 vid.
233 3349 267 3403 ltl
278 3367 301 3403 ο.
315 3351 431 3405 xxvm.
509 3382 512 3388 ·
740 3351 765 3405 5.
778 3351 900 3426 Tiqrane.
911 3351 975 3423 Cap.
985 3350 1092 3404 XXXII.

197 3431 223 3498 4.
240 3431 321 3484 Pane
339 3431 410 3486 ictus.
430 3431 546 3487 Ponittu.
572 3433 662 3486 litim.
739 3431 765 3484 6.
783 3431 867 3486 Urbes.
881 3431 962 3486 Vires.
975 3431 1065 3485 Heius.
