3156 4950
207 505 210 512 '
290 501 354 566 216
616 503 652 565 L.
676 501 831 564 ANNAEI
855 499 999 564 FLODI

289 621 488 721 prodigio!)
506 625 650 694 omnino
669 635 763 692 totus
781 624 996 717 interceptus
1017 625 1204 709 exercitus,
1223 645 1330 719 quem

239 738 253 789 ⁵
290 737 440 810 duxerat
456 739 555 810 Cato.
572 735 696 808 Didius
712 761 834 835 vagos,
846 751 882 807 et
895 734 1007 808 libera
1018 735 1250 835 populatione
1262 733 1332 808 dif-

290 853 385 927 fusos
393 858 589 927 intrasuam
599 851 728 951 repulit
737 851 938 925 Thraciam.
949 853 1083 924 Drusus
1091 851 1238 925 ulterius
1249 855 1331 951 egit,

291 985 327 1042 et
346 973 458 1042 vetuit
476 973 624 1041 transire
646 965 860 1040 Danubium.
885 969 1062 1041 Minucius
1085 983 1162 1042 toto
1185 970 1334 1040 vastavit

290 1081 435 1172 Hebro,
449 1081 568 1154 multis
580 1081 726 1182 quidem
737 1085 884 1170 amissis,
897 1079 984 1153 dum
996 1107 1062 1181 per
1073 1079 1251 1181 perfidum
1263 1077 1332 1178 gla-

240 1185 257 1234 6
292 1201 346 1270 cie
369 1195 502 1270 flumen
528 1202 715 1296 equitatur.
739 1200 819 1268 Piso
842 1193 1043 1294 Rhodopen
1066 1197 1334 1295 Caucasumque

293 1292 500 1410 penetravit.
519 1314 628 1384 Curio
644 1314 755 1384 Dacia
770 1328 870 1384 tenus
886 1313 999 1382 venit:
1015 1309 1077 1384 sed
1090 1311 1256 1384 tenebras
1269 1309 1335 1383 sal·

293 1445 393 1500 tuum
409 1433 559 1527 expavit.
572 1431 753 1528 Appiusin
764 1430 941 1500 Sarmatas
952 1443 1063 1527 'usque
1075 1433 1253 1527 pervenit:
1269 1429 1334 1498 Lu·

212 1543 215 1548 ’
293 1543 404 1617 cullus
417 1542 463 1616 ad
475 1549 666 1617 terminum
679 1549 837 1645 gentium
846 1536 1013 1632 Tanaim,
1027 1544 1216 1645 lacumque
1230 1547 1335 1616 Maeo-

244 1670 257 1720 7
293 1663 368 1730 tim.
380 1661 453 1732 Nec
464 1658 566 1732 aliter
576 1664 808 1732 cruentissimi
819 1658 974 1732 bostium
983 1657 1092 1759 quam
1101 1666 1169 1734 suis
1178 1658 1336 1733 moribus

295 1772 439 1847 domiti:
454 1779 587 1874 quippe
600 1780 637 1849 in
651 1779 809 1874 captivos
821 1778 903 1872 igne
920 1773 1087 1874 ferroque
1103 1779 1262 1846 saevitum
1274 1789 1334 1844 cst.

296 1886 366 1961 Sed
377 1887 465 1962 nibil
480 1888 644 1962 Barbaris
657 1894 809 1962 atrocius
826 1895 940 1962 visum
957 1907 1025 1980 est,
1039 1916 1148 1990 quam
1163 1887 1261 1988 quod
1275 1886 1338 1959 ab·

296 2007 408 2076 scissis
429 2003 593 2076 manibus
614 2003 747 2096 relicti,
769 2009 887 2078 vivere
910 2008 1110 2102 superstites
1129 2028 1243 2100 poenae
1266 2026 1337 2074 suae

293 2119 521 2220 jubebantur.

299 2303 479 2356 consentiebat.
490 2334 526 2346 -
539 2307 706 2380 Interceptus.
718 2307 797 2362 Galli·
875 2309 901 2361 6.
917 2309 985 2360 Piso.
998 2303 1083 2357 Nobis
1095 2321 1150 2353 uon
1163 2300 1244 2370 magis
1256 2297 1338 2370 liquet

300 2380 798 2462 cc,undantisicTacitdqric.onp5:
842 2392 899 2460 quis
915 2391 964 2440 iste
979 2390 1012 2438 sit
1025 2387 1103 2450 Piso,
1116 2400 1196 2453 quam
1211 2379 1298 2436 Stadio
1316 2390 1342 2430 et

303 2459 460 2511 «Trucidnti
475 2468 608 2532 veterani,
624 2468 736 2522 incensu
753 2488 800 2520 co·
841 2471 953 2535 vineto,
973 2469 1017 2538 qui
1034 2483 1062 2518 ee
1081 2463 1114 2516 de
1132 2463 1178 2517 iilo
1196 2461 1262 2514 nibil
1278 2461 1341 2511 certi

303 2535 418 2603 .loniae,
433 2540 574 2614 intercepti
591 2549 729 2600 exercitus.
741 2571 752 2596 e
766 2579 801 2590 -
841 2548 945 2601 tradere
962 2565 1042 2619 posse
1060 2547 1237 2614 fatenturq-
1250 2542 1341 2592 Cauca-

303 2615 441 2670 &imvid
449 2619 518 2691 Epir.
526 2621 580 2674 biv.
589 2625 668 2680 LXIII
675 2648 683 2688 ;
690 2627 800 2699 Eutrop.
841 2649 906 2682 stem.
914 2626 986 2696 Quid
995 2625 1039 2678 hic
1048 2637 1110 2699 post
1118 2621 1266 2693 Rhodopen
1275 2617 1342 2670 Cau·

301 2696 346 2760 IV,
361 2714 402 2767 ²9·
842 2729 919 2764 cesus
931 2706 1008 2774 vetit,
1019 2725 1098 2760 nemo
1107 2703 1185 2758 facile
1198 2699 1344 2773 explicare-

337 2777 689 2854 nordumbrensem,
704 2807 762 2859 cap.
776 2806 801 2858 9.
844 2792 891 2842 rit:
905 2807 954 2841 nec
967 2786 1094 2840 credibile
1107 2799 1161 2850 est,
1175 2787 1296 2837 Pisonem
1310 2778 1344 2830 ad

302 2856 804 2934 -Dmeo.ltpit.Liv.Lxu1;ltuffue,
844 2863 1345 2938 Caucasumusque,dsiaevnetissimum

303 2955 361 3009 ΜΡ·
370 2957 401 3008 93
411 2940 463 2992 Dio
471 2942 543 3013 apud
551 2945 698 3012 Vaicsium,
705 2968 731 3019 p.
741 2947 801 3000 628.
844 2961 974 3014 montem,
982 2949 1132 3019 pervenisse
1140 2966 1147 3007 ;
1155 2946 1206 2997 nisi
1215 2945 1283 2996 forte
1291 2942 1347 2993 He·

302 3044 339 3058 -
362 3019 399 3072 Et
419 3023 498 3074 vetuit
519 3026 624 3078 transire
643 3029 802 3080 Danubium.
844 3047 903 3080 mus
912 3026 955 3078 bic
966 3025 1154 3078 cumCeucnso
1165 3020 1345 3075 confunditur.

303 3097 384 3152 Recte
401 3101 438 3153 ait
455 3103 577 3158 Dukerue
593 3125 621 3159 se
637 3127 694 3186 noq
709 3108 805 3161 inteili—
844 3108 974 3159 —Curio
984 3108 1100 3158 Pertinet
1108 3104 1162 3156 buo
1171 3105 1347 3174 fragmentum

304 3195 380 3248 gere,
391 3181 455 3250 quid
465 3182 515 3234 eibi
526 3183 569 3236 bic
581 3187 719 3240 Danubius
729 3185 806 3254 velit,
846 3189 912 3241 iilud
925 3186 1112 3241 Sallustianum
1127 3189 1192 3236 Hist.
1206 3185 1244 3248 11,
1260 3199 1282 3245 r,
1297 3179 1345 3245 td:

306 3269 438 3330 tamquam
448 3259 521 3314 limet
532 3264 600 3316 inter
609 3266 805 3332 Macedoniam,
850 3266 972 3320 «Eodem
982 3285 1052 3319 anno
1062 3269 1088 3318 in
1097 3263 1251 3316 Macedonia
1258 3261 1287 3312 C.
1298 3259 1348 3317 Gu-

307 3357 386 3408 quam
401 3353 456 3391 tum
470 3344 570 3396 Drusus
585 3349 748 3417 provinciam
761 3347 807 3400 he·
851 3350 926 3414 erio,
936 3347 1067 3418 principio
1074 3346 1224 3408 verie,cnm
1233 3342 1348 3392 exercitu

306 3415 379 3481 buit,
391 3431 416 3467 ⁰¹
428 3417 577 3473 Thraciam.
593 3423 654 3475 Sine
668 3423 750 3477 dubio
763 3427 808 3478 aii·
851 3427 1008 3497 «proiectus
1020 3427 1047 3476 in
1058 3420 1226 3476 Dardaniam.
1238 3417 1350 3488 e--Ap

309 3492 381 3563 quod
391 3497 418 3546 in
427 3494 480 3547 boc
490 3501 595 3551 nomine
604 3503 708 3554 vitium:
723 3516 749 3556 et
758 3505 808 3556 nisi
847 3507 914 3576 pius.
936 3506 976 3556 De
997 3523 1050 3576 quo
1067 3502 1228 3572 Eutropius,
1244 3499 1297 3564 Vi,
1319 3514 1350 3556 η

307 3570 396 3639 humi
404 3592 453 3644 ΡΝ
464 3575 614 3630 Danubium
626 3579 719 3634 Florus
731 3585 809 3654 scrip·
849 3589 926 3638 Oros.
939 3588 971 3647 V,
990 3587 1038 3646 23;
1056 3597 1081 3637 et
1097 3583 1155 3636 Sex.
1171 3581 1269 3634 uuffue
1281 3601 1286 3630 :
1306 3577 1350 3650 qui

308 3653 517 3707 iitDardoniam.
527 3658 676 3711 Haucenim
682 3660 807 3731 Thraces,
848 3667 926 3717 etiam
938 3662 972 3716 de
981 3662 1102 3717 Lucullo.

309 3746 335 3785 ct
346 3737 458 3788 maxime
468 3737 609 3806 Scordisci,
620 3743 730 3794 transire
743 3742 808 3794 s'oie-
884 3763 909 3814 ·7.
929 3745 988 3796 Suie
997 3746 1108 3797 moribus
1117 3742 1218 3796 domiti.
1229 3739 1296 3790 Nam
1307 3751 1350 3786 stt·

308 3813 388 3884 baut,
399 3830 429 3869 ut
442 3819 469 3868 in
479 3817 663 3872 Macedoniarn
674 3823 811 3873 irruerent.
854 3842 902 3894 pra
913 3822 934 3894 §.
950 3825 979 3889 3,
992 3838 1081 3876 noster
1092 3823 1186 3874 Florus
1197 3817 1260 3874 dixit
1272 3813 1351 3867 Scor·

246 3937 254 3954 ,
310 3895 497 3949 —Minucr'us.
513 3899 581 3970 Epir.
596 3901 651 3954 Liv.
665 3903 746 3964 LXV5
762 3903 812 3954 Eu·
852 3903 939 3954 discos
954 3905 1112 3956 sevissimos
1129 3902 1248 3953 omnium
1266 3893 1353 3946 Thra·

311 3983 380 4043 imP·
396 3975 440 4040 lv,
458 3976 504 4040 33;
520 3982 675 4049 Frontinus,
690 3984 711 4035 ii
722 4023 729 4052 ,
742 3985 772 4049 4,
785 3985 809 4035 3,
852 4002 911 4035 cum
924 3985 1011 4036 fuisse,

763 4199 899 4214 Μ
