3108 4956
287 588 349 656 266
607 590 644 655 L.
669 590 829 657 ANNAEI
852 589 998 655 FLORl

284 707 356 782 lem
367 737 510 811 quoque
521 709 655 784 rabiem
667 737 929 813 supergressum
942 730 1010 802 est;
1023 738 1134 812 quum
1143 739 1326 788 armorum

284 825 386 898 furor
398 831 503 900 totius
517 825 624 900 ltaliae
634 826 767 900 viribus
778 819 964 917 niteretur,
978 853 1020 900 eo
1036 853 1147 928 usque
1162 829 1252 903 odiis
1266 857 1325 904 sae·
1545 807 1548 922 l

285 941 478 1032 vientibus,
496 941 610 1015 donec
626 941 801 1033 deessent,
817 947 879 1042 qui
893 941 1148 1016 occiderentur.
1547 923 1548 954 Τ

251 1053 268 1105 ⁶
334 1059 475 1129 initium
492 1075 528 1130 et
540 1083 661 1130 caussa
676 1056 778 1148 belli,
798 1056 1017 1158 inexplebilis
1031 1055 1209 1132 honorum
1221 1061 1327 1131 Marii
1409 1133 1417 1149 ,

285 1167 412 1259 fames,
428 1169 514 1242 dum
533 1171 712 1243 decretam
727 1170 830 1270 Syllae
845 1175 1065 1269 provinciam
1081 1172 1235 1270 Sulpicia
1248 1172 1330 1272 lege

285 1283 446 1359 solicitat.
469 1285 538 1392 Sed
557 1291 744 1385 impatiens
757 1288 892 1386 injuriae
910 1291 1027 1360 statim
1048 1286 1151 1388 Syllae
1172 1287 1327 1388 legiones

285 1406 509 1502 circumegit3
533 1401 712 1502 dilatoque
732 1401 957 1492 Mithridate,
979 1403 1157 1504 Esquilina
1174 1402 1327 1477 Collina·

254 1561 268 1615 7
287 1543 355 1616 que
368 1536 472 1618 porta
484 1523 663 1618 geminum
677 1519 765 1592 Urbi
777 1518 931 1592 infundit
943 1545 1079 1619 agmen.
1097 1519 1200 1594 Unde
1217 1545 1327 1618 quum

287 1632 446 1706 consulto
458 1633 630 1732 Sulpicius
641 1651 676 1708 et
687 1635 926 1709 Albinovanus
936 1636 1146 1735 objecissent
1155 1623 1327 1724 catervas,

289 1844 339 1898 lem
359 1865 461 1920 quoque
484 1847 578 1900 rabiem
601 1867 787 1922 superpressuas
828 1863 921 1904 auctor
944 1853 1011 1919 luit,
1030 1865 1059 1904 ut
1077 1852 1238 1923 perniciosas
1257 1846 1329 1918 leges

287 1936 330 1978 est.
351 1926 472 1979 Lucanus
492 1925 557 1978 dixit
573 1929 639 1981 bella
649 1929 787 2002 plusquam
827 1929 919 1996 ferret,
933 1931 1007 2002 queis
1019 1931 1120 1984 exsules
1131 1938 1327 1993 revocarentur,

287 2005 787 2082 civilia,nullumgradumrelinquens‚
828 2020 854 2060 et
876 2022 906 2061 ut
926 2011 982 2080 ipse
1006 2007 1129 2062 adversus
1152 2004 1326 2058 Mithridatem

193 2115 196 2120 ·
288 2103 341 2158 quo
362 2103 478 2138 crescere
498 2101 614 2157 possent.
638 2093 673 2142 At
694 2088 787 2142 Florus
826 2085 1328 2141 duxerearetur.Enm.Detrn.-1as-

288 2182 367 2234 supra
383 2163 472 2217 civilia
487 2168 562 2238 ponit
580 2167 697 2232 bestilia,
716 2165 787 2239 quod
825 2169 1045 2244 patieasiajurioe.
1057 2170 1120 2238 Quae
1132 2165 1236 2238 quidem
1248 2163 1326 2217 verba

287 2241 397 2308 falsum,
407 2256 436 2295 ut
445 2246 511 2296 ratio
521 2257 546 2296 et
556 2244 655 2316 politici
665 2244 785 2316 probant.
828 2268 921 2320 magna
937 2253 963 2302 vi
976 2263 1002 2301 et
1019 2249 1146 2318 elegantia
1163 2243 1329 2317 amplificavit

287 2324 372 2393 Hujus
395 2323 458 2376 belli
482 2325 671 2378 immanitatem
695 2325 787 2398 melius
828 2313 1029 2392 Mourmooluu,
1048 2327 1177 2399 Dictoque
1195 2325 1330 2376 d'Eucmte

287 2400 406 2474 designat
424 2403 626 2471 illustrissimae,
646 2405 742 2458 Grastd.
763 2417 789 2457 et
828 2407 897 2460 etde
911 2405 1003 2476 Sylla:
1023 2407 1286 2460 «liessouveaez-vous
1298 2401 1329 2454 de

287 2481 382 2532 Diead.
396 2481 438 2534 des
448 2483 583 2549 llomuins,
597 2484 672 2556 chop.
687 2485 788 2550 tr,his
829 2503 881 2538 mes
900 2483 1010 2538 dimetas
1028 2503 1090 2536 avec
1109 2483 1225 2534 Man'tet:
1236 2483 1268 2552 je
1281 2479 1330 2551 fus

287 2559 387 2614 verbis:
404 2564 505 2615 eoam
519 2561 674 2633 lajolousie,
690 2564 789 2616 l'ambi-
829 2563 938 2638 indique
943 2563 975 2616 de
982 2565 1076 2616 voiraa
1083 2561 1328 2622 hommesaasaom,

288 2640 344 2693 tion
361 2653 387 2694 et
405 2639 431 2691 la
449 2642 557 2692 cruente
568 2641 611 2694 des
624 2643 690 2695 deux
703 2641 788 2714 cltefs,
821 2641 876 2716 fier
890 2644 921 2696 de
937 2643 963 2696 la
979 2643 1082 2696 bassesse
1094 2640 1127 2692 de
1141 2659 1168 2692 sa
1185 2639 1330 2703 uniuersos,

287 2718 386 2792 chaque
405 2721 515 2772 domuin
535 2721 598 2772 ltait
609 2719 732 2792 surieax,·
754 2721 789 2774 les
828 2719 1329 2796 cotmprendrederameneriespremie·

288 2817 424 2852 aoaueaux
435 2801 548 2870 citoyeas
559 2812 585 2852 et
595 2801 630 2854 les
641 2804 745 2854 ancient
756 2822 790 2852 ae
829 2823 866 2857 res
872 2802 993 2875 familias
1006 2803 1037 2853 de
1049 2799 1204 2853 diomedeas
1218 2797 1245 2850 la
1251 2795 1331 2869 foule

287 2897 313 2932 se
322 2879 483 2954 repardaicat
488 2879 547 2952 plut
556 2899 655 2932 comme
665 2879 700 2932 les
709 2899 789 2931 mem·
828 2880 863 2933 du
872 2878 981 2952 peuple,·
992 2891 1029 2946 st,
1045 2879 1108 2932 dam
1116 2887 1182 2930 cette
1192 2875 1330 2942 situation,

289 2959 342 3012 bres
350 2959 426 3011 duae
435 2959 518 3012 meme
529 2955 692 3030 republiqae,
703 2970 727 3010 et
737 2957 789 3008 ion
821 2961 853 3032 je
862 2959 959 3030 portais
969 2968 1026 3011 tout
1035 2955 1060 3008 le
1064 2957 1139 3027 poids
1150 2954 1226 3006 d'uae
1233 2953 1331 3025 prande

288 3057 314 3090 se
324 3039 419 3111 faisait
433 3057 485 3090 uae
500 3055 591 3110 quem
609 3038 667 3109 qui,
685 3057 736 3109 par
752 3055 788 3088 ua
830 3037 903 3089 dme:
911 3036 1101 3108 fetaisjeune,
1118 3045 1143 3086 et
1147 3036 1179 3106 je
1196 3031 1288 3086 tricolus
1301 3031 1332 3083 de

288 3122 414 3170 careatire
429 3117 567 3190 sinqulier,
585 3115 648 3167 ituit
661 3135 693 3169 ert
707 3117 790 3168 meme
830 3134 871 3166 me
896 3126 986 3167 mettre
1010 3133 1042 3166 ert
1064 3115 1118 3165 etat
1139 3113 1171 3164 de
1194 3111 1334 3164 demandet

290 3206 371 3268 temps
385 3196 462 3248 civile
473 3209 498 3248 et
511 3197 671 3268 dtraaperm
687 3223 720 3234 -
734 3195 788 3245 Do·
830 3205 931 3265 compte
953 3194 969 3243 is
988 3195 1088 3245 Marius
1106 3193 1136 3244 de
1153 3209 1189 3244 ses
1204 3190 1304 3260 salpris.
1316 3213 1327 3235 a

289 3296 338 3330 aec
355 3278 465 3331 deessent
481 3276 529 3349 qui
549 3275 704 3328 occidentur.
726 3275 790 3326 rsa-
830 3304 865 3313 -
883 3271 1044 3346 dircamepit.
1060 3269 1089 3321 ld
1105 3283 1157 3336 est,
1175 3267 1278 3319 reduxit
1296 3265 1331 3318 ad

288 3372 369 3422 uano,
393 3355 481 3426 Esprit
500 3355 530 3405 de
552 3351 695 3417 t'Histotre,
718 3351 791 3405 lettre
830 3353 955 3416 Romam,
971 3369 985 3403 e
1000 3351 1143 3420 Campania
1158 3346 1270 3412 scilicet,
1284 3345 1331 3398 uhi

289 3433 388 3488 XVII!
394 3454 401 3482 .-
421 3455 432 3477 a
441 3433 466 3482 A
480 3434 537 3484 voir
547 3451 609 3484 avec
620 3429 706 3504 quelle
717 3451 789 3506 rupe,
831 3441 886 3481 erat
900 3447 960 3481 cum
976 3429 1090 3479 exercitu
1106 3424 1137 3476 ad
1155 3421 1332 3477 conficiendas

289 3511 352 3585 quel
368 3509 552 3562 uclsaraemeat
571 3509 602 3562 iis
621 3509 789 3583 s'attcrqueat,
830 3503 1332 3580 reliquiasbellisocialis-Dilatoque

290 3592 321 3645 ils
339 3589 518 3656 s'assassiaent,
538 3589 611 3642 iisse
629 3589 792 3663 ddpouilleat
830 3587 991 3641 Mithridate.
1004 3588 1120 3638 llerrosa
1131 3584 1258 3647 brevitas,
1269 3601 1331 3654 pro,

290 3670 327 3724 les
342 3689 390 3722 stas
406 3669 441 3722 les
452 3681 546 3738 autres,
566 3689 600 3722 oa
616 3671 693 3722 diruit
706 3689 754 3742 que
766 3668 791 3721 le
831 3667 911 3720 dilato
925 3667 1047 3718 adversus
1061 3663 1238 3716 Mithridatem
1251 3661 1330 3714 bello.

289 3751 385 3804 moade
405 3751 524 3822 opprime
542 3748 577 3802 les
595 3771 610 3801 a
634 3749 738 3821 charpds
760 3748 792 3800 de
830 3745 1022 3818 -Esquttina
1037 3747 1113 3795 Porta
1125 3761 1181 3814 que
1194 3741 1227 3793 ad
1236 3741 1332 3811 Esqui-

289 3829 374 3884 solder
390 3829 546 3882 eux-memes
562 3829 587 3882 le
602 3839 703 3900 compte
717 3828 748 3880 de
763 3845 791 3880 sa
830 3820 1332 3895 linumcampumducebat,dictaetiam

290 3927 441 3982 veaqeaaee.
454 3931 464 3956 s
830 3904 967 3955 Tiburtina
975 3917 1001 3954 et
1008 3897 1333 3954 transactas-cottias.

325 3991 352 4044 6.
374 3990 493 4062 Sulpicia
512 3987 568 4065 lepe
585 3987 706 4041 solicitat.
726 3987 790 4038 Pro·
829 3985 895 4051 Quae
916 3998 942 4037 et
960 3981 1117 4052 Quirinalis,
1142 3981 1258 4053 Agonia,
1279 3981 1332 4033 sive

290 4072 376 4123 vincia
394 4071 467 4142 Syllae
486 4066 643 4121 demandata
662 4081 717 4119 erat
737 4065 791 4120 bel·
830 4065 977 4136 Agonensis
988 4063 1058 4115 dicta
1069 4063 1128 4114 tuit.

290 4150 345 4203 lum
371 4169 431 4203 cum
462 4149 613 4202 Mithridate
639 4147 789 4219 gerendum.
867 4163 892 4215 7.
902 4147 985 4215 Quum
994 4141 1125 4209 conutito,
1138 4154 1187 4194 ete.
1198 4141 1332 4210 Quapro-

291 4229 377 4297 Quam
387 4229 548 4300 provinciam
562 4243 642 4298 quum
654 4225 703 4278 sibi
717 4238 791 4295 opta·
830 4223 864 4275 ba
878 4221 1006 4276 sententia
1020 4223 1047 4271 iu
1060 4219 1096 4286 cai
1106 4217 1222 4272 consulto
1233 4215 1332 4268 includi

292 4323 331 4361 ret
339 4305 579 4378 Marius‚Sulpicio
590 4305 696 4358 tribuno
708 4301 791 4376 plebis
831 4301 935 4374 potest?
956 4297 1119 4370 conjiciebat
1142 4299 1217 4349 dana
1238 4295 1332 4361 Fabri,
