3108 4956
275 431 339 500 270
599 412 638 474 r..
662 388 989 476 annar‘anoar

274 553 504 628 concurrunt,
526 552 562 610 et
577 540 695 610 statim
709 535 868 608 Norbani
882 534 978 612 fusus
992 542 1183 610 exercitus:
1201 539 1319 610 statim
1373 563 1375 570 ·

212 721 214 730 ,
274 679 396 727 omnes
412 655 584 752 Scipionis
598 655 726 750 copiae,
744 669 917 726 ostentata
930 678 992 751 spe
1003 657 1116 751 pacis,
1131 677 1317 751 oppressae.

222 801 255 836 πο
272 773 366 843 Tum
377 772 510 844 Marius
522 769 676 870 juvenis,
695 786 731 841 et
744 768 863 842 Carbo
878 767 1054 859 consules,
1073 773 1173 869 quasi
1189 766 1318 868 despe-

273 905 349 961 rata
369 892 534 976 victoria,
560 912 606 959 ne
626 884 729 958 inulti
748 889 922 982 perirent,
947 889 983 956 in
1005 903 1223 959 antecessum
1243 893 1319 956 saa·

272 1009 377 1104 quine
393 1019 531 1076 senatus
544 1001 613 1076 sibi
630 999 884 1101 parentabant;
908 1000 1118 1101 obsessaque
1131 1006 1246 1089 curia,
1269 1002 1318 1072 sic

273 1116 319 1190 de
335 1131 474 1207 senatu,
491 1121 590 1216 quasi
608 1115 654 1188 de
666 1141 826 1206 carcere,
841 1117 901 1218 qui
910 1115 1173 1216 jugularentur,
1187 1113 1316 1188 educti.

222 1269 251 1305 αι
272 1230 370 1322 Quid
383 1229 547 1306 mnarum
559 1229 705 1320 infero,
722 1235 758 1302 in
770 1235 881 1322 circo,
898 1235 934 1302 in
946 1229 1149 1329 patentibus
1158 1227 1319 1329 templis?

271 1371 355 1418 nam
370 1347 544 1438 Quinctus
561 1347 701 1418 Mucius
714 1343 870 1419 Scaevola
885 1345 1062 1444 pontifex,
1077 1343 1234 1418 Vestales
1246 1369 1318 1416 am·

221 1499 252 1536 aa
271 1458 393 1558 plexus
411 1485 504 1550 aras,
524 1477 661 1534 tantum
680 1486 751 1533 non
773 1459 901 1533 codem
917 1465 998 1559 igne
1014 1459 1195 1559 sepelitur.
1213 1459 1317 1531 Lam·

271 1577 400 1672 ponius
425 1591 530 1674 atque
554 1573 750 1664 Telesinus,
787 1577 986 1648 Samnitum
1011 1575 1135 1665 duces,
1164 1578 1317 1646 atrocius

271 1687 408 1789 Pyrrho
431 1707 466 1764 et
485 1687 659 1764 Annibale
682 1691 914 1789 Campaniam
937 1693 1187 1789 Etruriamque
1202 1715 1319 1788 popu-

221 1828 254 1882 ιε
271 1803 406 1895 lantur3
423 1822 474 1896 et,
488 1805 553 1879 sub
567 1810 684 1904 specie
698 1810 870 1905 partium,
883 1832 919 1880 se
930 1804 1121 1878 vindicant.
1142 1803 1244 1904 Apud
1259 1805 1317 1878 Sa·

273 1924 466 2018 criportrnn
483 1919 729 2021 Collinamque
742 1929 886 2020 portam
901 1918 1087 1994 debellatae
1102 1943 1224 1994 omnes
1238 1915 1316 1994 hos-

271 2041 360 2108 tium
380 2041 504 2134 copiae.
526 2035 581 2108 lbi
599 2038 749 2125 Marius;
768 2034 826 2109 hic
847 2034 1027 2110 Telesinus
1049 2037 1218 2133 oppressi.
1242 2035 1314 2104 Nee

272 2150 369 2224 idem
386 2167 506 2232 tamen
520 2151 686 2244 caedium,
704 2156 765 2254 qui
779 2151 880 2242 belli,
897 2151 975 2226 finis
994 2149 1070 2224 fuit.
1090 2151 1207 2222 Stricti
1220 2153 1316 2222 enim

272 2284 308 2371 et
332 2273 367 2339 in
391 2295 481 2366 pace
503 2265 627 2368 gladia
652 2267 1005 2368 animadversumque
1031 2273 1067 2339 in
1091 2293 1169 2357 eos,
1193 2270 1255 2365 qui
1278 2289 1315 2338 se

221 2413 254 2481 at
271 2398 397 2481 sponte
408 2382 628 2458 dediderant.
639 2385 757 2457 Minus
766 2400 832 2476 est,
844 2383 944 2483 qnod
954 2383 1051 2482 apud
1061 2385 1313 2481 Sacriportum,

272 2512 307 2568 et
324 2495 420 2595 apud
433 2495 607 2572 Collinam
622 2517 782 2597 portam,
800 2503 1021 2600 septuaginta
1037 2495 1188 2596 amplin's
1206 2493 1314 2568 millia

271 2609 366 2711 Sylla
381 2611 554 2684 concidit:
571 2612 705 2689 bellum
715 2629 800 2688 erat.
814 2614 978 2704 Quatuor
989 2609 1099 2684 millia
1112 2608 1313 2682 deditorum

273 2780 772 2858 tapisserallomedesessanplantesad·
849 2779 1315 2852 23.Secriportum.rlutsacrump0r·

272 2859 374 2912 ditioris.
386 2883 396 2908 ι
406 2861 542 2916 -Srartm
550 2879 637 2913 omnes
645 2861 773 2935 Scipionis
812 2872 877 2926 tum,
885 2855 938 2928 ἱερὸν
946 2858 1077 2926 aspirem
1084 2871 1161 2911 vocat
1167 2858 1312 2929 Appianas.

271 2937 361 3009 copiae,
371 2949 496 2992 ostentata
502 2958 546 3011 spe
550 2942 630 3010 pacis,
641 2957 772 3013 oppressit.
812 2939 864 3006 Qui
873 2951 960 2991 antem
970 2937 1045 2990 locus
1052 2938 1167 2989 cstcirca
1175 2937 1311 2990 Praeneste.

271 3017 340 3068 Fuso
350 3018 469 3069 Norbani
479 3019 607 3086 exercitu,
621 3017 689 3092 Sylla
703 3037 730 3071 se
741 3018 774 3071 ad
850 3017 892 3085 ²4·
910 3017 1001 3069 Minus
1011 3028 1046 3069 est
1054 3056 1063 3083 ‚
1073 3015 1170 3089 quod...
1181 3016 1266 3088 jussit.
1284 3012 1314 3067 ld

271 3093 421 3167 Scipionem
435 3098 578 3163 conver-tit,
596 3111 621 3150 er
634 3109 694 3149 ante
707 3117 773 3168 prae-
811 3108 865 3162 est,
879 3092 951 3167 quod
965 3093 1033 3166 Sylla
1050 3107 1163 3166 quatuor
1177 3091 1258 3144 millia
1268 3090 1314 3144 de·

270 3172 348 3242 lium,
367 3189 452 3228 toturn
470 3178 526 3246 ejus
543 3178 698 3241 exercitum,
717 3181 772 3232 siae
812 3172 927 3226 dirorum
948 3173 1085 3226 inermium
1107 3192 1155 3244 per
1172 3189 1266 3242 pacem
1285 3171 1312 3222 in

272 3256 410 3325 sanguine,
433 3257 460 3307 in
480 3253 640 3310 deditionem
660 3259 770 3329 accepit.
810 3251 872 3304 villa
891 3251 999 3324 publica
1020 3251 1132 3304 interfici
1146 3252 1239 3322 jussit,
1259 3247 1312 3302 hoc

271 3332 318 3386 En.
333 3335 429 3386 Druna.
811 3333 895 3400 majus
912 3342 951 3382 est
965 3348 1044 3401 quam
1059 3327 1131 3400 quod
1145 3326 1217 3398 apud
1227 3326 1313 3379 Sacri-

309 3428 351 3463 ao.
369 3413 457 3463 Carbo.
474 3413 522 3464 Cn.
541 3413 663 3482 Papirius
674 3413 770 3467 Carbo.
810 3422 951 3481 persumet
959 3409 1088 3462 Collinam
1097 3421 1201 3482 portam
1210 3421 1313 3479 septua-

271 3490 498 3542 -Parentcbant
507 3491 649 3544 Percntare
657 3504 696 3543 est
705 3511 772 3544 mon
809 3491 882 3560 ginta
893 3487 1004 3560 amplius
1014 3488 1093 3542 millia
1102 3487 1218 3542 hostiurn
1227 3489 1313 3540 οουοί-

272 3569 324 3618 tuis
334 3565 621 3638 parentibusysacrificia
630 3569 725 3636 facere,
735 3572 771 3622 in-
810 3567 856 3620 dit.
873 3569 941 3619 Nam
953 3580 1009 3620 tum
1023 3567 1122 3620 bellum
1135 3580 1203 3630 erat;
1218 3565 1255 3618 illi
1267 3565 1312 3617 de·

197 3691 201 3698 .
272 3644 430 3697 ieriasferre.
439 3643 487 3697 Sed
496 3645 771 3717 etiamdequorumvis
810 3643 1312 3714 diti,hih0sres.ssn.Drrre.-tha

271 3735 435 3776 mortuorum
445 3721 576 3776 sacrificiis
585 3723 689 3778 dieitur.
697 3727 770 3778 Earr.
808 3728 924 3800 publico.
934 3727 1037 3780 lnclusa
1046 3728 1135 3780 eratin
1143 3745 1237 3797 campo
1244 3726 1312 3776 Man·

273 3801 368 3854 Densa.
812 3806 856 3856 tio.
874 3805 919 3858 Est
935 3819 961 3858 et
976 3805 1026 3858 alia
1041 3802 1102 3856 villa
1115 3803 1222 3876 publica
1237 3815 1311 3854 extra

307 3896 349 3932 at.
363 3879 475 3931 Tanaim
490 3897 543 3932 non
556 3878 645 3932 eodem
660 3881 719 3953 ique
732 3900 771 3934 se·
810 3883 901 3936 urbem
910 3901 987 3955 quam
996 3883 1116 3956 Sigonius
1125 3895 1197 3936 sexto
1205 3880 1238 3934 ab
1246 3879 1312 3936 urbe

270 3956 374 4030 politur.
384 3958 415 4010 ld
421 3971 470 4027 ert,
479 3977 575 4030 parum
583 3958 668 4012 abfuit
678 3961 769 4032 quin...
809 3959 898 4034 lapide
909 3963 992 4034 ponit.
1002 3963 1042 4014 De
1049 3962 1132 4033 priori
1142 3961 1252 4032 scripio.
1262 3961 1309 4012 En.

308 4054 350 4089 aa.
366 4037 523 4110 Lamponius
537 4051 616 4111 atque
631 4040 769 4094 Telesinus.
810 4039 906 4094 Daren.
917 4041 972 4094 Hac
984 4054 1072 4094 autem
1085 4039 1119 4094 dc
1132 4038 1192 4094 villa
1204 4037 1310 4112 publica

273 4118 313 4169 De
323 4115 362 4169 his
373 4135 452 4189 supra
463 4119 511 4185 lll,
526 4119 571 4184 rs,
581 4117 605 4170 8.
812 4119 978 4174 doctissimas
985 4119 1310 4189 NostrasMonosntr,Ep.
