3102 4942
581 589 845 655 PBAEFATIO.
1206 594 1237 655 ix

245 717 429 794 Tandem
440 718 616 820 aequiore
626 715 708 792 fato
719 735 760 791 et
772 712 1006 818 indulgente
1018 717 1061 790 in
1077 713 1239 794 Florum

193 840 375 937 fortuna,
400 839 450 916 ad
476 838 689 917 Dukerum
713 866 778 915 res
806 857 1001 944 pertracta
1032 840 1138 918 fnit·
1157 844 1241 942 Qui

194 963 376 1042 collectas
390 966 593 1040 variorum
607 981 720 1040 notas
732 965 814 1038 suis
825 967 1011 1058 correxit,
1022 963 1243 1070 'amplifica-

195 1095 268 1190 vit,
294 1110 446 1168 textum
468 1087 619 1168 collatis
638 1085 777 1165 sedula
796 1115 915 1192 opera
934 1089 1045 1164 MSS.
1064 1088 1242 1190 refinxit,

197 1215 253 1293 nil
270 1235 404 1293 tamen
414 1243 610 1320 umquam
625 1230 803 1308 mutans,
820 1214 895 1288 nisi
906 1240 1034 1316 quum
1049 1211 1245 1290 librorum

198 1341 431 1419 auctoritate
457 1341 667 1414 niteretur.
692 1335 965 1434 Quamobrem
987 1336 1062 1413 boc
1084 1334 1186 1412 duce
1199 1339 1250 1440 'et

198 1466 358 1569 auspice
373 1465 434 1538 uti
448 1459 709 1538 libentissime
723 1458 990 1555 decrevimus,
1007 1479 1046 1536 et
1059 1460 1136 1538 hoc
1146 1459 1250 1535 dun-

199 1585 390 1662 damento
424 1586 573 1689 optime
596 1610 723 1689 ‘opera
755 1602 889 1662 nostra
924 1603 1104 1662 constare
1139 1614 1252 1692 posse

199 1713 283 1786 visa
300 1728 370 1786 est.
1148 1727 1151 1738 ’

254 1836 443 1938 Magnam
460 1859 623 1940 quoque
637 1861 754 1942 opem
772 1835 890 1912 nobis
906 1862 928 1910 e
944 1833 1252 1913 Titzianolibro
1315 1937 1316 1940 Ἴ

201 1979 485 2066 perventuram
511 1963 642 2065 primo
669 1964 927 2067 speravimus.
954 1964 1007 2037 At
1033 1989 1161 2066 quum
1191 1964 1254 2036 vir

204 2103 345 2161 caetera
360 2085 630 2179 acutissimus,
649 2082 814 2161 Florum
831 2083 881 2160 ad
896 2086 1111 2188 Augusteae
1129 2087 1255 2160 aetatis
1348 2164 1350 2168 .

204 2204 370 2312 gloriam
387 2208 589 2285 retrahere
603 2235 810 2314 aggressus
824 2207 947 2283 fuerit
961 2205 1074 2312 (vide
1088 2207 1193 2282 infra
1210 2209 1255 2281 in

210 2335 413 2410 Testimon.
430 2362 467 2438 p.
489 2359 536 2436 19
553 2333 683 2440 sqq.),
701 2331 797 2408 inde
814 2331 1004 2409 effectum
1020 2351 1083 2428 ut,
1102 2331 1152 2407 ad
1166 2358 1255 2438 pro-

206 2457 465 2563 pugnandam
476 2458 766 2563 opinionissuae
775 2461 1009 2553 novitatem,
1020 2475 1256 2563 perpetuam

206 2577 466 2657 luctationem
481 2583 725 2680 institueret,
744 2584 839 2658 etin
854 2582 966 2657 hunc
979 2607 1143 2687 scopum
1159 2607 1258 2657 sem-

207 2729 280 2810 per
292 2705 492 2799 intentus,
507 2707 636 2811 ipsum
651 2723 874 2802 auctorem,
889 2723 939 2781 ut
948 2708 1005 2780 ita
1016 2703 1164 2800 dicam,
1181 2703 1258 2780 sibi

209 2845 411 2904 mactaret.
431 2825 590 2905 Scilicet
608 2826 708 2905 duos
727 2832 770 2904 in
787 2855 871 2905 uno
887 2827 992 2905 libro
1007 2829 1144 2904 statuit
1161 2829 1260 2902 scri-

210 2966 362 3052 ptores,
382 2977 557 3052 quorum
572 2949 684 3045 alter,
704 2954 838 3026 nescio
855 2951 946 3051 quis
960 2949 1104 3046 sciolus
1123 2966 1163 3023 et
1183 2975 1263 3021 au-

210 3069 444 3146 dacissimus
473 3071 746 3177 interpolator,
771 3070 1036 3167 omnialoca,
1068 3072 1262 3147 Titzianae

212 3194 456 3299 conjecturae
469 3221 553 3270 non
566 3222 761 3299 congrua,
775 3194 881 3272 foede
894 3199 1134 3299 corruperit,
1147 3192 1263 3298 quid-

213 3317 312 3423 quid
325 3318 533 3424 turgidum
546 3339 586 3398 et
598 3301 928 3399 declamatorium
938 3325 1016 3414 est,
1031 3321 1114 3426 ipse
1128 3317 1179 3395 de
1190 3346 1264 3396 suo

213 3469 324 3548 penu
346 3444 573 3540 intruserit3
596 3447 663 3520 cui
684 3443 861 3549 denique
885 3471 1003 3520 omne
1020 3440 1263 3519 ,delictorum

213 3564 392 3674 pondus,
415 3587 618 3674 tamquam
633 3565 862 3663 maledicto,
876 3566 996 3645 debet
1011 3549 1264 3660 incumbere,

216 3686 328 3766 nulla
342 3693 433 3767 satis
450 3720 569 3797 poena
585 3691 848 3797 expiandum:
867 3689 966 3768 alter
980 3717 1093 3786 vero,
1111 3715 1269 3794 semper

217 3811 557 3920 planus,‘semper
573 3817 815 3909 concinnus,
837 3832 877 3889 et
894 3813 967 3889 ubi
983 3815 1103 3889 etiam
1117 3813 1270 3890 caeteris

218 3937 386 4013 minime
396 3935 484 4014 talis
494 3940 602 4016 visus
617 3957 692 4035 est,
709 3965 865 4044 semper
878 3934 955 4014 sibi
970 3953 1171 4031 constans,
1185 3936 1272 4010 Au-

218 4079 411 4164 gustaeam
424 4061 579 4168 ubique
591 4059 742 4139 redolet
752 4060 1009 4166 elegantiam,
1023 4078 1063 4136 et
1074 4079 1181 4138 totus
1193 4085 1275 4130 ma·

219 4186 290 4286 gni
306 4183 437 4260 saeculi
455 4185 609 4262 lumine
622 4184 805 4289 refulget.
819 4183 959 4280 Vides,
975 4185 1101 4258 amice
1115 4185 1272 4270 Lector,

1119 4305 1134 4354 o
