3102 4942
318 565 353 606 tc
711 539 773 607 DE
797 537 956 604 FLORO

313 665 412 728 verbis
424 684 486 726 esse
499 661 599 723 multa
614 665 752 745 asignia,
769 662 893 736 iussus,
906 661 1066 744 μιιραιιιῶθιι.
1080 658 1325 743 Reprehenditur
1338 685 1357 722 a

311 762 417 824 Marco
431 761 558 837 Seneca,
571 755 752 842 philosophi
765 773 866 841 patre,
877 777 964 838 musa
979 757 1094 834 rhetor,
1106 757 1192 839 quod
1204 757 1242 818 de
1253 751 1356 841 sipho-

312 859 404 920 nibus
415 872 446 918 et
459 859 617 938 sparsione
629 856 754 918 dixerit:
770 856 876 918 :Coelo
891 855 1037 940 repluunt
1047 856 1160 916 imbreo
1171 855 1355 931 odoratum»

312 967 342 1016 et
360 954 398 1016 de
416 955 523 1014 subitis
543 954 714 1013 mortibus:
733 978 746 1008 ιι
757 953 918 1036 Quidquid
938 956 1044 1014 avium
1062 952 1188 1028 volitat,
1206 949 1357 1034 quidquid

315 1053 469 1135 “piscium
482 1063 583 1126 natat,
595 1049 749 1132 quidquid
764 1049 900 1110 ferarum
913 1051 1075 1126 discurrit,
1089 1051 1202 1111 nostris
1214 1048 1359 1133 sepelitur

206 1142 213 1151 “
316 1148 509 1208 «ventribus.
529 1147 638 1222 Quaere
655 1165 738 1208 nunc
754 1167 809 1208 cur
825 1147 929 1208 subito
947 1148 1134 1207 moriamur:
1148 1146 1300 1208 mortibus
1311 1149 1358 1205 vi·
1458 1211 1460 1214 .

316 1248 451 1306 crimus.
462 1271 475 1302 ιι
501 1245 675 1326 castigatur
695 1267 712 1304 a
735 1245 888 1328 Dionysio
912 1243 1071 1326 Longinus
1097 1243 1250 1325 Gorgias,
1274 1243 1359 1326 quod

314 1344 450 1405 vultures
462 1343 573 1405 dixerit
587 1347 653 1404 vica
668 1341 827 1426 sepulchra.
843 1346 923 1404 Num
937 1343 1059 1404 saniora
1071 1356 1143 1403 sunt
1154 1363 1222 1424 quae
1233 1341 1358 1417 Florus,

314 1441 370 1502 lib.
391 1443 423 1518 1,
444 1463 511 1524 cap.
533 1441 585 1516 13,
601 1441 639 1501 de
654 1439 767 1517 Gallis,
783 1443 840 1522 qui
851 1443 983 1502 Romam
1004 1441 1219 1517 incenderant,
1239 1441 1360 1509 scribit.

315 1537 384 1598 illos
398 1539 502 1598 subito
517 1536 685 1597 Camillum
700 1559 718 1598 a
731 1550 817 1618 tergo
832 1559 1010 1618 aggressum
1030 1537 1106 1600 adeo
1126 1537 1285 1613 cecidisse,
1301 1555 1361 1597 aut

317 1637 449 1696 comnia
468 1635 685 1696 incendiorum
702 1637 830 1717 vestigia
846 1637 957 1701 Gallici
976 1637 1134 1717 sanguinis
1156 1635 1360 1697 inundatione

317 1759 331 1788 ιι
340 1731 496 1792 deleretiu
515 1734 575 1792 Nec
591 1733 726 1793 melioris
743 1747 826 1794 notae
843 1746 915 1794 sunt
930 1755 999 1815 quse
1013 1734 1095 1794 libro
1106 1735 1155 1808 ΙΙ,
1172 1755 1239 1816 cap.
1261 1754 1305 1816 17,
1322 1734 1361 1794 de

316 1828 442 1888 Decimo
457 1829 553 1889 Bruto
565 1829 723 1911 prodidit:
741 1855 756 1886 ιι
767 1832 996 1912 peragratoque
1009 1833 1109 1891 victor
1123 1832 1239 1892 Oceani
1256 1829 1360 1904 litore,

318 1952 332 1980 ιι
342 1947 407 1986 non
425 1927 510 2010 prius
525 1928 613 2009 signa
628 1929 798 2003 convertit,
812 1950 905 2010 quam
918 1929 1079 1990 cadentem
1091 1929 1124 1987 in
1139 1929 1236 1988 maria
1248 1928 1361 2002 solem,

317 2049 331 2080 ιι
341 2023 551 2106 obrutumque
571 2026 657 2108 aquis
676 2026 779 2107 ignem
793 2047 859 2087 uon
878 2028 944 2086 sine
961 2027 1098 2107 quodam
1113 2027 1263 2107 sacrilegii
1278 2038 1362 2086 metu

318 2147 331 2177 ιι
341 2137 371 2182 et
383 2119 513 2183 horrore
527 2121 746 2206 deprehendit:
757 2149 770 2178 ιι
787 2124 874 2206 quod
889 2124 1009 2185 dudum
1027 2125 1138 2184 merito
1154 2123 1254 2184 divini
1269 2121 1362 2184 Scali-

315 2219 380 2298 gcri
392 2217 489 2279 obelis
502 2234 545 2280 est
558 2219 744 2281 confossum.
758 2222 797 2282 Et
807 2219 862 2280 lib.
874 2221 926 2296 ΙΙΙ,
941 2241 985 2297 ιι,
996 2221 1034 2280 de
1045 2211 1223 2300 ingentibus
1232 2219 1362 2280 navibus

316 2318 460 2376 Antonii:
476 2341 490 2372 ιι
500 2319 571 2378 Non
590 2318 656 2378 sinc
672 2321 790 2398 gemitu
809 2320 919 2394 maris,
936 2333 966 2378 et
983 2319 1090 2379 labore
1105 2333 1271 2381 ventorum
1285 2317 1363 2378 fere·

238 2493 241 2505 Ι
318 2439 331 2470 ιι
344 2415 466 2474 bantur.
478 2441 492 2471 ιι
503 2417 564 2476 Nec
575 2437 640 2476 nou
650 2417 705 2476 lib.
717 2419 760 2491 ll,
771 2418 805 2492 6,
815 2438 914 2498 quum
924 2417 1046 2478 dixisset
1058 2419 1253 2478 commissam
1266 2417 1364 2476 aciem

315 2525 452 2572 secutum
465 2513 622 2592 ingentem
635 2527 800 2574 tremorem
814 2527 918 2590 terrm,
933 2513 1128 2596 putidissima
1142 2528 1298 2594 suntque:
1313 2511 1365 2572 ad-

315 2608 375 2668 dit:
390 2634 403 2664 ιι
413 2610 478 2669 Nisi
492 2609 580 2670 illum
592 2608 756 2672 horrorem
766 2611 823 2671 soli
836 2613 976 2695 equitum
986 2607 1363 2694 virorumquediscursus‚

318 2720 372 2766 set
388 2722 473 2767 mota
486 2705 697 2769 vehementius
711 2729 799 2769 arma
812 2708 961 2772 fecerunt.
971 2735 985 2766 ιι
1003 2711 1077 2770 Haec
1092 2729 1158 2770 nou
1171 2707 1267 2768 modo
1283 2720 1365 2768 mou

315 2807 485 2880 sanitatem,
510 2804 562 2866 sed
583 2819 665 2866 exten
685 2819 823 2868 naturam
848 2821 937 2884 sunt,
963 2821 998 2868 ut
1020 2807 1120 2868 verbis
1145 2819 1214 2866 utar
1236 2805 1364 2866 Senecae.

316 2899 531 2962 Romanorum
545 2901 674 2978 scilicet,
687 2924 753 2964 non
770 2905 855 2964 orbis
867 2918 1034 2978 terrarum,
1050 2903 1101 2964 sed
1118 2905 1253 2964 universi
1264 2901 1364 2962 domi·

317 3019 447 3076 norum,
467 3001 677 3082 magnitudini
697 3003 803 3064 omnia
822 3003 981 3064 cedebant.
1004 3003 1120 3062 Omnia
1139 3001 1184 3062 illi
1204 3011 1363 3082 poterant:
1427 2983 1436 2994 ⁶

316 3093 497 3158 dimicantes
511 3113 626 3160 terram
641 3115 785 3177 movent,
802 3104 982 3184 navigantes
1001 3102 1151 3182 gemitum
1170 3100 1250 3159 mari
1267 3099 1366 3178 expri-

317 3205 424 3267 munt,
439 3197 536 3253 ventis
556 3195 697 3257 laborem
717 3197 855 3259 afferunt
874 3211 904 3258 et
928 3197 1082 3258 molestias
1103 3199 1136 3256 in
1157 3191 1365 3276 propellendis

316 3308 426 3347 eorum
443 3290 591 3364 navibus3
607 3293 657 3351 sed
676 3293 734 3373 ipsi
754 3313 878 3372 quoque
895 3295 1021 3352 Oceano
1038 3293 1119 3372 leges
1137 3289 1266 3373 parendi
1281 3289 1365 3350 dixe·

318 3395 406 3458 runt,
421 3385 475 3464 qui
490 3384 550 3444 illis
567 3387 671 3446 invitis
690 3407 757 3449 nou
776 3389 869 3450 audet
890 3389 989 3448 irasci.
1006 3389 1090 3466 Quid
1106 3390 1191 3448 enim
1207 3387 1293 3448 aliud
1307 3389 1364 3450 sibi

319 3479 429 3540 volunt
443 3478 495 3540 illa
509 3481 579 3541 libri
595 3484 654 3558 ΙΙΙ,
668 3504 733 3565 cap.
749 3505 801 3544 ro:
816 3509 830 3540 ιι
839 3485 919 3544 Cum
931 3483 1048 3565 urajore
1058 3506 1153 3565 quam
1167 3489 1252 3569 prius
1264 3487 1365 3570 proedo

320 3603 333 3631 ιι
345 3592 482 3639 revectus
495 3593 556 3654 est,
571 3581 637 3662 ipso
654 3599 779 3662 quoque
790 3582 916 3644 Oceano
929 3582 1099 3664 tranquillo
1111 3585 1208 3666 magis
1220 3599 1251 3646 et
1263 3586 1367 3667 propi-

322 3674 406 3751 utio,
422 3677 508 3757 quasi
523 3679 674 3760 imparem
686 3698 716 3738 se
731 3674 888 3739 fateretur.
898 3703 912 3735 ιι
929 3681 1053 3762 Quippe
1069 3679 1122 3740 ni?
1133 3701 1231 3762 quum
1244 3695 1366 3742 coactus

318 3771 411 3832 luerit
427 3773 465 3833 ad
484 3771 610 3834 illorum
623 3787 734 3834 nutum
749 3795 780 3836 se
793 3793 998 3860 componere,
1017 3797 1080 3840 non
1097 3799 1181 3841 secus
1195 3799 1230 3839 sc
1243 3775 1366 3858 regulus

320 3870 448 3950 quidam
465 3871 691 3955 stipendiarius.
711 3875 790 3935 Natu
811 3896 910 3957 quum
929 3877 962 3936 in
978 3877 1079 3938 Ponto
1098 3878 1219 3938 Euxino
1231 3919 1240 3950 ,
1253 3896 1365 3957 quem,

214 3982 216 3988 ·
319 3981 479 4049 tamquam
493 3974 586 4033 maris
597 3973 813 4034 Mediterranei
826 3986 959 4056 partem,
970 3996 1006 4036 ex
1017 3975 1141 4038 Oceano
1152 3989 1246 4036 terras
1256 3975 1367 4036 irrum-

321 4085 391 4148 pere
406 4079 536 4144 veteres,
549 4072 690 4152 quamvis
703 4069 798 4147 falso,
814 4071 995 4150 credebant,
1007 4072 1139 4136 lacerata
1153 4085 1231 4134 esset
1241 4067 1367 4132 Mithri·

321 4163 398 4222 datis
413 4165 529 4239 classis,
545 4168 667 4248 subjicit
681 4167 761 4228 libro
775 4170 831 4248 ΙΙΙ,
846 4171 881 4230 5:
900 4196 913 4226 ιι
924 4171 1018 4235 Plane
1031 4171 1116 4250 quasi
1130 4169 1275 4232 Lucullus
1287 4187 1367 4249 qno-
