3142 4958
301 489 365 556 350
640 483 778 549 LUCII
803 480 1006 548 AMPELll

301 616 497 700 Occasum,
516 610 688 707 Magnum
707 619 824 696 mare,
849 605 944 680 idem
966 604 1226 696 Athlanticum,
1251 607 1350 708 quod

302 727 524 800 commerciis
537 726 645 796 totius
656 725 792 821 generis
808 720 955 795 humani
971 727 1181 822 ¹peragitur.
1198 723 1278 795 Hoc
1293 728 1352 796 in-

302 857 373 917 trat
390 847 428 914 in
446 838 577 912 fretum
593 837 813 910 Gaditanum
828 842 921 910 inter
937 837 1026 910 duos
1044 853 1182 912 montes
1197 837 1352 910 clarissi-

302 985 380 1032 mos
399 957 600 1029 ²Abinnam
615 972 652 1029 et
668 954 822 1054 Calpen,
840 953 886 1027 ob
908 960 1091 1054 impositas
1109 953 1273 1028 Herculis
1290 979 1353 1026 co-

302 1073 451 1146 lumnas.
481 1075 576 1144 Dein
603 1069 770 1143 latissime
801 1065 906 1146 simul
936 1086 977 1142 et·
1001 1069 1203 1169 longissime
1234 1069 1352 1142 iusum

303 1187 462 1261 medium
474 1203 652 1260 terrarum
664 1185 790 1258 orbem
800 1184 963 1270 inundat,
980 1202 1017 1257 et
1027 1190 1173 1257 nomine
1184 1185 1350 1288 adquirit.

303 1303 540 1393 Balearicum,
561 1302 658 1403 quod
672 1303 883 1399 Hispaniam
898 1301 1020 1374 adluit.
1041 1297 1236 1391 Gallicum,
1253 1299 1354 1401 quod

303 1417 437 1493 Gallias
448 1423 571 1518 tangit.
584 1422 820 1517 Ligusticum,
834 1416 933 1517 quod
944 1415 1133 1516 Liguribus
1143 1416 1350 1494 infunditur.

304 1535 478 1623 Tuscum,
497 1531 744 1633 Tyrrhenum,
763 1531 860 1604 idem
878 1531 1048 1624 inferum,
1070 1533 1170 1633 qnod
1189 1533 1354 1605 dextrum

304 1647 413 1722 ltaliae
433 1647 523 1721 latus
550 1653 693 1722 circuit:
723 1647 961 1737 Adriaticum,
985 1647 1082 1720 idem
1110 1646 1354 1746 ³supremum,

306 1765 405 1865 quod
417 1770 595 1838 sinistrum
608 1763 717 1836 ltaliae
730 1763 820 1836 latus
833 1769 969 1837 circuit.
983 1765 1157 1856 Siculum,
1171 1769 1208 1837 in
1220 1793 1291 1864 quo
1305 1766 1356 1836 Si-

307 1878 398 1952 cilia.
423 1882 621 1968 Creticum,
645 1884 682 1950 in
705 1906 776 1979 quo
792 1880 915 1982 ‘insula
939 1897 990 1953 est
1015 1883 1131 1956 Creta.
1156 1883 1295 1953 lonium
1320 1895 1358 1951 et

308 1998 471 2094 AEgeum,
490 2021 568 2094 quae
583 1992 771 2083 Achaiam,
789 1994 953 2068 eamdem
970 1994 1231 2094 Peloponeson,
1251 1991 1357 2065 simul

307 2109 487 2200 ambiunt,
511 2127 552 2182 ut
575 2115 830 2184 interveniente
853 2109 987 2183 lstbmo
1011 2136 1112 2211 paene
1134 2109 1284 2184 insulam
1305 2108 1356 2180 fa·

308 2227 413 2296 ciant.
427 2227 612 2323 Myrtoum
625 2222 1238 2324 etlcarium,quaeadl1aerentAEgeo
1250 2213 1357 2313 mari,

308 2335 396 2410 illud
407 2363 429 2408 a
444 2337 608 2436 Myrtilo,
623 2335 694 2411 hoc
708 2338 754 2411 ab
770 2341 873 2412 Icaro
888 2345 1150 2440 cognominata.
1165 2343 1357 2427 Euxinum,

307 2457 512 2542 Ponticum,
532 2453 631 2554 quod
648 2459 783 2554 ingenti
799 2461 877 2529 sinu
893 2456 1032 2558 Scythis
1049 2457 1255 2530 infunditur.
1275 2453 1360 2527 Hel-

308 2568 545 2670 lesponticum
559 2573 661 2644 fauce
679 2579 937 2666 transmissum,
956 2580 1049 2650 inter
1069 2573 1155 2646 duas
1170 2571 1360 2648 celeberri-

308 2711 384 2757 mas
393 2683 516 2776 urbes,
528 2687 652 2760 Seston
663 2689 769 2779 Asiae,
780 2688 936 2790 Abydon
945 2687 1108 2790 Europae.
1118 2693 1358 2781 Tanaiticum,

309 2826 382 2901 quo
399 2804 481 2873 Asia
498 2801 649 2876 alluitur.
671 2805 877 2905 AEgyptium
894 2805 939 2879 ab
959 2809 1131 2907 AEgypt0‚
1148 2805 1325 2905 Libycum
1338 2830 1362 2878 a

308 2913 424 3015 Libya
448 2923 730 3018 cognominatur.
755 2922 952 3021 Syrticum,
977 2952 998 2996 a
1019 2922 1158 2998 duabus
1181 2920 1359 3022 Syrtibus,

309 3035 502 3132 reciprocis
519 3031 658 3108 aestibus
672 3054 910 3136 retorquetur.

344 3216 404 3270 Car.
417 3219 473 3270 vtl.
483 3248 520 3260 -·-
532 3239 554 3274 r.
566 3221 711 3298 Peragitur.
723 3222 763 3274 An
770 3242 815 3294 pe·
854 3224 1010 3279 salmasium
1029 3225 1064 3278 ad
1082 3224 1200 3278 Solium
1216 3241 1277 3296 pag.
1295 3221 1360 3274 aaa

281 3319 283 3324 ’
310 3303 446 3374 raptatur?
891 3307 917 3358 3.
934 3306 1098 3378 Supremam.
1115 3307 1245 3379 θυμω
1262 3316 1362 3356 voum

347 3397 370 3430 α.
393 3379 509 3436 Abinna.
541 3381 607 3436 Aliis
629 3382 725 3456 Acyta.
749 3384 815 3440 Vide
855 3385 1016 3440 aliiurunca.
