3102 4942
707 529 770 592 DE
792 526 953 593 storto

629 757 808 822 JUSTUS
831 755 1033 834 mestus,

444 957 447 967 ·
570 953 606 994 ιιι
629 952 1041 1008 riseris,trs.1r,osr.
1063 953 1093 992 v.

349 1101 458 1162 Lucius
479 1103 610 1160 Annaeus
629 1097 739 1160 Florus
752 1099 813 1179 (ita
827 1100 910 1161 enim
927 1099 1091 1182 indigitare
1106 1120 1178 1162 cum
1196 1099 1303 1183 priscis
1320 1099 1355 1158 li-

309 1198 373 1259 bris
391 1197 513 1273 malim,
527 1199 628 1279 'quam
649 1195 760 1259 dulium
773 1221 780 1256 :
795 1200 946 1280 quoniam
964 1197 1101 1282 Hispana
1124 1195 1216 1258 fuisse
1237 1195 1355 1277 origine

310 1293 442 1377 colligo,
457 1306 504 1370 et,
525 1295 557 1355 ni
572 1291 672 1370 fallor,
686 1315 721 1354 ex
736 1296 801 1378 ipsa
816 1296 998 1356 Senecarum
1011 1297 1128 1376 gente),
1147 1297 1188 1369 is,
1208 1293 1355 1376 inquam,

310 1391 416 1452 Florus
440 1389 663 1474 compendium
686 1409 750 1450 non
773 1403 837 1451 tam
856 1391 954 1466 Livii,
978 1413 996 1450 a
1016 1411 1077 1472 quo
1095 1411 1175 1473 saepe
1199 1387 1355 1464 dissentit,

310 1511 404 1570 quam
421 1507 524 1550 rerum
541 1491 767 1564 Romanarum,
790 1491 928 1571 scripsit;
948 1491 972 1550 si
996 1488 1078 1570 quid,
1091 1490 1151 1550 mei
1165 1486 1276 1571 judicii
1295 1501 1355 1560 est,

310 1587 495 1670 composite,
507 1585 634 1661 diserte,
646 1585 810 1668 eleganter.
823 1587 981 1650 Subtilitos
993 1586 1120 1669 quidem
1136 1600 1166 1648 et
1177 1585 1308 1648 brevitas
1323 1587 1356 1644 in

309 1705 346 1748 eo
359 1705 438 1768 saepe
450 1687 543 1760 mira;
557 1699 586 1746 et
598 1684 819 1746 sententiarum
831 1686 973 1769 quaedam
984 1685 1147 1767 gemmulae
1160 1707 1232 1746 cum
1240 1681 1357 1766 judicio

312 1795 430 1842 insertae
445 1795 475 1844 et
486 1785 623 1844 veritate.

646 1992 675 2053 J.
702 1989 726 2053 l.
752 1989 1019 2070 pontanus

394 2213 405 2240 ἱ
488 2173 522 2214 ill
544 2175 724 2217 ORATIONE
745 2175 938 2218 {SAGOGlCA
959 2178 1004 2218 ΔΙ)
1024 2175 1181 2219 EORUM.

350 2323 385 2380 L.
402 2323 554 2384 dunarum
566 2323 693 2385 Florum
707 2324 926 2386 Volaterranos
937 2324 1051 2388 Julisrm
1062 2323 1181 2388 Florum
1192 2325 1358 2388 Secundus

312 2418 422 2512 maluit
433 2423 613 2490 nominare.
623 2423 709 2505 quod
721 2425 906 2485 existimaret
916 2423 1001 2486 hunc
1013 2443 1075 2486 esse
1086 2445 1158 2485 eum
1170 2423 1359 2498 Secundum,

311 2518 397 2600 cujus
412 2520 508 2582 amice
520 2523 662 2582 meminit
673 2523 786 2583 Fabius
798 2525 1043 2602 Quinctilianus,
1056 2525 1110 2604 qui
1124 2537 1154 2584 et
1165 2522 1361 2583 familiariter

311 2639 329 2679 a
343 2638 374 2678 se
385 2631 607 2680 amatum'eum
620 2619 721 2697 addit,
730 2623 834 2682 virum
845 2634 881 2681 ut
893 2623 980 2683 mirer
991 2621 1163 2697 facundiae,
1176 2622 1218 2680 ita
1230 2617 1359 2684 infinita

311 2735 401 2776 curre.
421 2715 496 2778 Julii
515 2737 686 2798 cognomen
707 2741 727 2778 a
743 2732 857 2801 patruo
875 2718 960 2779 Julio
983 2719 1078 2780 Floro
1099 2719 1259 2779 retinuisse
1277 2715 1361 2776 idom

311 2807 452 2890 conjicit:
473 2812 560 2894 cujus
578 2836 704 2898 quoque
717 2816 949 2892 Quinctilianus
968 2817 1155 2876 mentionem
1170 2813 1263 2888 iacit,
1281 2816 1361 2873 inter

311 2927 427 2990 paucos
445 2910 593 2974 disertum
611 2935 683 2974 eum
701 2915 796 2976 fuisse
813 2915 971 2989 indicans,
989 2926 1096 2996 utpote
1114 2914 1147 2972 in
1165 2909 1360 2991 eloquentia,

310 3029 407 3089 quam
416 3010 449 3070 in
462 3010 570 3072 Galliis
581 3011 640 3073 sub
653 3027 821 3074 extremum
831 3014 979 3086 exercuit,
990 3010 1165 3072 Galliarum
1178 3010 1359 3092 principem.

310 3105 466 3183 Quande
484 3107 579 3170 Floro
595 3111 796 3193 opinionem,
810 3112 834 3170 si
851 3107 977 3190 Trajaui
996 3127 1114 3184 rerum,
1126 3097 1193 3190 'quo
1207 3105 1319 3167 claruit
1330 3117 1362 3164 at

311 3201 552 3281 Quinctiliauus,
562 3220 592 3267 et
603 3208 713 3268 Florus
725 3221 843 3284 noster,
855 3208 1051 3290 respicimus,
1065 3225 1128 3268 nou
1141 3205 1196 3265 abs
1210 3224 1242 3263 re
1255 3201 1360 3283 conje-

311 3297 384 3356 cisse
401 3297 623 3362 Volaterranos
640 3305 755 3364 censeri
773 3316 890 3384 potest;
909 3303 969 3363 nisi
989 3301 1074 3384 quod
1092 3301 1156 3361 duo
1176 3297 1298 3360 obstare
1316 3300 1360 3356 vi·

309 3391 460 3454 deantur:
476 3396 561 3477 prins
575 3411 621 3458 est
633 3399 697 3481 ipse
712 3400 959 3476 Quinctilisnus,
974 3403 1027 3482 qui
1044 3417 1108 3458 nou
1126 3411 1162 3458 ut
1178 3395 1361 3456 historicum

310 3501 365 3548 aut
376 3490 456 3550 iuter
466 3489 643 3570 historicos,
660 3494 713 3556 sed
724 3510 760 3556 ut
771 3510 928 3558 oratorem
940 3510 972 3556 et
982 3497 1061 3555 inter
1073 3493 1258 3576 eloquentie
1269 3490 1362 3552 laude

311 3585 464 3664 florentes,
473 3603 650 3673 utrumque,
659 3591 815 3654 etlulium
823 3594 1010 3668 Secundum,
1019 3605 1050 3652 et
1060 3605 1207 3674 patruum
1217 3588 1283 3671 ejus
1292 3587 1362 3649 Flo·

311 3703 380 3744 rum
395 3687 607 3750 concelebrat:
627 3689 759 3752 slterum
774 3706 819 3754 est
834 3693 978 3755 codicum
992 3705 1130 3752 veterum
1145 3691 1314 3773 scripture,
1327 3687 1360 3745 in

310 3782 425 3862 quibus
436 3807 503 3848 non
517 3787 632 3864 Julius,
649 3790 701 3851 sed
715 3793 749 3852 t.
761 3794 894 3854 Annuus
910 3791 1013 3854 Florus
1025 3803 1205 3851 constanter
1217 3785 1361 3868 indigita-

310 3893 370 3939 tur.
383 3878 472 3942 Unde
483 3883 695 3968 colligendum
708 3889 861 3951 docdores
874 3889 1038 3950 voluerunt
1047 3909 1082 3949 ex
1094 3885 1245 3968 Hispania
1256 3882 1361 3943 oriun-

309 3973 384 4036 dum
398 3977 511 4056 fuisse,
522 3997 552 4044 et
563 3982 691 4046 fortasse
707 4007 743 4046 ex
758 3987 825 4068 ipse
837 3988 1045 4060 Aunaeorum,
1060 3985 1092 4044 id
1105 3995 1167 4059 est,
1178 3983 1360 4041 §caecarum

308 4087 407 4152 gente.
421 4077 582 4161 Quidquid
599 4080 715 4143 horum
725 4084 782 4157 sit,
795 4082 881 4164 quod
896 4103 955 4145 nos
969 4086 1003 4144 in
1016 4082 1122 4143 medio
1133 4077 1360 4160 relinquemus,

310 4168 385 4231 illud
400 4174 524 4234 interim
538 4189 730 4252 ratumena,
743 4181 903 4259 egregium
919 4201 997 4261 opus
1009 4199 1071 4238 esse
1083 4175 1140 4238 hos
1151 4175 1216 4257 ejus
1227 4187 1362 4256 quatuor
