3142 4938
328 529 389 608 140
653 525 690 587 t.
715 519 869 588 aurat
893 521 1040 588 rtonr

323 645 515 748 gnitudinis
527 669 670 746 serpens
686 648 802 744 posita
817 642 915 744 apud
928 643 1128 745 Bagradam
1142 660 1255 718 castra
1266 671 1374 718 vexa·

273 796 302 832 ιι
323 781 388 837 ret.
406 761 476 836 Sed
495 767 656 836 omnium
669 767 784 834 victor
803 761 973 860 Regulus,
993 787 1105 861 quum
1120 777 1296 835 terrorem
1307 789 1371 835 no-

323 881 426 952 rninis
447 882 500 950 sui
517 875 588 950 late
610 875 899 968 circumtulisset;
915 903 1097 976 quumque
1109 900 1275 976 magnam
1294 881 1369 949 vim

319 994 529 1093 juventutis,
549 991 728 1090 ducesque
742 995 837 1090 ipsos
852 1008 913 1064 aut
931 991 1130 1082 cecidisset,
1146 1008 1207 1068 aut
1225 991 1374 1065 haberet

323 1112 361 1180 iu
383 1105 548 1197 vinculis3
572 1104 793 1205 classemque
815 1110 949 1206 ingenti
977 1105 1099 1207 praeda
1129 1123 1311 1198 onustam,
1339 1121 1374 1179 et

323 1221 507 1322 triumpho
521 1248 682 1322 gravem,
694 1226 730 1294 in
743 1221 879 1296 Urbem
891 1227 1128 1322 praemisisset,
1140 1227 1246 1296 etiam
1261 1227 1374 1322 ipsam

323 1335 411 1410 belli
437 1353 547 1437 caput
574 1333 827 1435 Carthaginem
855 1336 1005 1436 urgebat
1034 1336 1190 1430 obsidio,
1219 1341 1374 1437 ipsisque

272 1493 306 1529 υ
324 1455 437 1551 portis
457 1450 663 1524 iuhaerehat.
686 1451 755 1522 Hic
777 1449 975 1549 paullulum
996 1456 1212 1526 circumacta
1232 1451 1375 1526 fortuna

325 1582 395 1657 est;
417 1581 556 1638 tantum
570 1582 611 1638 ut
623 1563 728 1664 plura
740 1582 855 1639 essent
870 1570 1039 1640 Romanae
1052 1573 1191 1642 virtutis
1209 1572 1371 1668 insignia:

272 1707 307 1759 23
326 1677 424 1778 cujus
439 1677 517 1752 fere
530 1677 739 1778 magnitudo
754 1676 1013 1754 calamitatibus
1023 1681 1255 1781 approbatur.
1266 1684 1373 1772 Nam,

325 1797 503 1866 conversis
519 1791 565 1864 ad
580 1808 726 1865 externa
739 1791 869 1866 auxilia
887 1791 1064 1887 hostibus,
1079 1823 1190 1897 quum
1204 1795 1374 1896 Xanthip-

325 1933 413 2009 pum
430 1905 497 1979 illis
515 1906 646 1978 ducem
660 1906 897 1981 Lacedaemon
917 1914 1083 2002 misisset,·
1105 1936 1127 1982 a
1144 1913 1221 1984 viro
1242 1909 1374 1983 militiae

325 2027 538 2124 peritissimo
552 2027 738 2096 vincimur.

373 2141 467 2210 Tum
477 2137 573 2211 toeda
581 2137 694 2228 clade,
706 2142 945 2242 Romanisque
956 2167 1021 2216 usu
1028 2147 1218 2244 incognita,
1226 2147 1368 2216 vivusin

325 2279 450 2330 manus
468 2253 626 2327 hostium
642 2257 740 2327 venit
759 2254 970 2332 fortissimus
994 2263 1201 2359 imperator.
1220 2257 1293 2338 Sed
1313 2255 1372 2330 ille

325 2481 571 2554 tt,19;1³tin.vtt1‚
584 2486 623 2552 tl.
632 2515 667 2526 -
675 2487 831 2561 Bagradam.
871 2487 913 2540 his
919 2484 1103 2557 Xanthippum
1109 2487 1216 2538 missurn
1225 2480 1375 2534 tradit.Nec

327 2562 547 2616 Afficaefluvium·
872 2567 956 2621 muno
975 2565 1050 2618 anser
1067 2567 1095 2617 sn
1113 2567 1182 2636 spa.
1200 2563 1265 2616 uas
1282 2559 1374 2612 xvm.

364 2660 406 2698 at.
423 2647 551 2722 Magnam
569 2645 622 2699 uim
630 2647 786 2719 juventutis.
803 2648 834 2700 ld
873 2649 969 2702 Contra
980 2638 1376 2718 Polybius‚l,32‚nihilaliud‚

325 2739 381 2792 est,
392 2726 540 2798 permultos
550 2730 670 2799 juvenes.
681 2755 717 2768 -·
726 2729 833 2782 Occidis
873 2747 953 2800 quam
965 2745 1047 2778 unum
1058 2744 1073 2776 e
1085 2723 1253 2776 mercenariis
1264 2723 1292 2772 in
1303 2719 1376 2772 Grae-

325 2817 371 2859 set.
383 2805 506 2860 Dukcrus
518 2805 581 2878 legit
592 2808 696 2879 cepisset
706 2827 737 2862 ex
747 2811 832 2861 omni·
873 2809 914 2860 cia
926 2804 1081 2868 conductis,
1093 2801 1376 2868 Lacedaemoniumque

325 2885 376 2939 bus
397 2884 471 2938 Flori
495 2883 569 2939 libris
594 2906 675 2940 manu
699 2889 831 2954 exaratis,
873 2900 900 2940 et
923 2887 1056 2939 Laconica
1081 2881 1220 2954 disciplina
1245 2878 1376 2932 imbutum

326 2985 487 3040 quamquam
496 2965 715 3021 hanclectionem
725 2968 832 3020 minime
872 2969 970 3031 fuisse,
982 2984 1012 3016 ac
1027 2967 1066 3016 rei
1082 2962 1200 3016 militaris
1216 2958 1376 3012 mediocrem

326 3044 438 3117 probet;
449 3048 549 3119 quippe
559 3065 618 3118 quae
629 3045 759 3100 redundat
771 3065 832 3098 cum
873 3065 950 3098 usum
963 3044 1100 3109 habuisse,
1113 3054 1266 3096 auctorest.
1278 3039 1376 3089 EtAu-

327 3127 562 3200 seqq.iaavincult's
572 3128 834 3182 liaberet—Trium·
872 3124 919 3178 rel.
938 3127 1007 3176 Vict.
1030 3142 1089 3197 cap.
1113 3124 1166 3190 lo,
1187 3119 1376 3172 mercenarium

325 3207 380 3286 pho
385 3208 541 3282 praaemld
548 3221 597 3276 est,
604 3222 738 3280 gravatam
746 3207 833 3280 preda
872 3203 984 3256 militem
995 3214 1081 3254 vocat.
1097 3205 1220 3253 Praeterea
1235 3201 1326 3251 Cicero
1341 3196 1376 3248 de

328 3306 388 3359 qua·
401 3289 429 3339 in
444 3287 571 3360 triumphi
586 3301 771 3342 ornamentum
783 3307 832 3340 au·
873 3284 992 3350 Officiis,
1009 3283 1058 3348 111,
1078 3279 1126 3344 263
1143 3293 1170 3332 et
1188 3277 1244 3330 vat.
1261 3277 1330 3329 Max.
1347 3276 1376 3342 l,

328 3367 516 3422 ferebatur-
528 3370 638 3441 Urgebet
649 3369 755 3423 obsidio.
769 3370 834 3442 lige·
878 3361 926 3429 14,
945 3361 1063 3414 scribunt
1080 3357 1210 3428 Regulum
1227 3375 1259 3410 ex
1275 3354 1378 3408 insidiis

328 3449 422 3503 hianus
434 3449 571 3502 obsidione.
585 3450 647 3502 Non
659 3463 745 3502 autem
758 3467 835 3521 κρυ.
875 3442 1085 3514 captumfnisser
1097 3435 1377 3510 Polybiusnullamin·

328 3527 457 3581 diandum
476 3541 516 3579 est
536 3527 646 3595 obsidio,
666 3545 749 3598 quum
767 3529 835 3580 obsi.
875 3520 1001 3573 sidiarum
1010 3521 1172 3571 mentionem
1181 3515 1253 3570 lacit.
1263 3518 1377 3570 Dux.-

328 3607 402 3660 dium
423 3619 562 3670 occurrat,
583 3624 641 3677 non¹
659 3605 740 3657 modo
761 3606 835 3678 apud
877 3603 958 3669 Tum,
964 3601 1040 3673 foeda
1049 3600 1320 3673 clade,llomanisquc
1330 3617 1378 3652 usu

329 3686 489 3738 recentiores
498 3687 745 3759 scriptores‚rerum
756 3689 835 3739 etiam
875 3683 1021 3757 incognita,
1038 3682 1122 3746 viora,
1139 3694 1190 3734 etc.
1209 3679 1323 3750 Quidam
1338 3678 1377 3732 le-

329 3763 403 3837 apud
415 3767 542 3835 Ennium,
553 3763 679 3831 Coelium,
689 3767 835 3819 Varronem
874 3762 1021 3835 gunt‚Tum
1024 3759 1198 3834 foedaclades,
1204 3759 1377 3830 Romanisque

328 3858 356 3897 et
369 3845 528 3899 Sallustium.
798 3863 802 3874 ·
875 3862 921 3895 auu
935 3841 1076 3916 incognita.
1093 3841 1118 3892 V
1117 3843 1185 3905 iuras,
1198 3851 1248 3892 etc.
1263 3837 1314 3889 Alii
1328 3855 1378 3888 au·

366 3943 408 3980 aa.
431 3929 601 3982 circumacta.
624 3929 743 3992 Mutata,
767 3946 834 3979 con·
875 3933 942 3987 tem,
958 3922 1026 3973 Tum
1040 3919 1128 3992 (sarda
1144 3917 1229 3970 clades
1242 3916 1377 3970 romanie

329 4023 412 4058 versa.
425 4037 459 4046 —
471 4008 596 4080 Insiqoia.
615 4006 709 4078 Signa,
725 4003 831 4058 indicia.
873 4021 923 4074 que
936 4019 982 4052 anu
998 3997 1163 4071 incognita),
1176 3999 1261 4062 vivres,
1274 4009 1323 4048 etc.
1339 3997 1377 4047 Ea

367 4084 409 4136 23.
433 4087 622 4160 Xanthippum.
647 4087 784 4159 Appianas
806 4089 833 4138 in
874 4095 962 4133 autem
975 4078 1063 4132 clades
1076 4092 1132 4131 erat
1143 4078 1326 4129 Romanisusu
1337 4076 1375 4124 in-

330 4165 415 4217 Princ.
424 4165 513 4217 Punic.
522 4167 748 4236 Carthaginienses
759 4187 773 4218 a
784 4168 833 4219 La·
874 4163 989 4231 cognita,
998 4157 1155 4234 quianullus
1164 4155 1274 4209 antehac
1282 4155 1375 4204 Roma·

330 4241 497 4298 cedaemouiis
509 4243 604 4297 ducem
615 4248 753 4316 petivisse,
763 4258 789 4298 et
799 4244 831 4298 ab
873 4259 969 4294 nonam
981 4239 1035 4292 dux
1048 4241 1074 4291 in
1089 4250 1248 4309 potestatem
1259 4231 1376 4286 bostium
