<?xml version="1.0" encoding="UTF-8"?>
<!DOCTYPE html PUBLIC "-//W3C//DTD XHTML 1.0 Transitional//EN"
    "http://www.w3.org/TR/xhtml1/DTD/xhtml1-transitional.dtd">
<html xmlns="http://www.w3.org/1999/xhtml" xml:lang="en" lang="en">
 <head>
  <title>
</title>
<meta http-equiv="Content-Type" content="text/html;charset=utf-8" />
  <meta name='ocr-system' content='tesseract 3.04.00' />
  <meta name='ocr-capabilities' content='ocr_page ocr_carea ocr_par ocr_line ocrx_word'/>
</head>
<body>
  <div class='ocr_page' id='page_1' title='image "./luciiannaeiflor00lemagoog_0549.png"; bbox 0 0 3010 4948; ppageno 0'>
   <div class='ocr_carea' id='block_1_1' title="bbox 283 607 890 674">
    <p class='ocr_par' dir='ltr' id='par_1_1' title="bbox 283 607 890 674">
     <span class='ocr_line' id='line_1_1' title="bbox 283 607 890 674; baseline 0.002 -2"><span class='ocrx_word' id='word_1_1' title='bbox 283 607 345 673; x_wconf 82' lang='lat'><strong>536</strong></span> <span class='ocrx_word' id='word_1_2' title='bbox 739 609 890 674; x_wconf 82' lang='lat' dir='ltr'><strong>INDEX</strong></span> 
     </span>
    </p>
   </div>
   <div class='ocr_carea' id='block_1_2' title="bbox 288 729 1336 1880">
    <p class='ocr_par' dir='ltr' id='par_1_2' title="bbox 381 729 1334 1300">
     <span class='ocr_line' id='line_1_2' title="bbox 384 729 1328 812; baseline 0.002 -20"><span class='ocrx_word' id='word_1_3' title='bbox 384 741 475 792; x_wconf 76' lang='lat' dir='ltr'><strong>tmtto</strong></span> <span class='ocrx_word' id='word_1_4' title='bbox 488 729 568 792; x_wconf 81' lang='lat' dir='ltr'><strong>delle</strong></span> <span class='ocrx_word' id='word_1_5' title='bbox 581 733 710 812; x_wconf 81' lang='lat' dir='ltr'><strong>imprese</strong></span> <span class='ocrx_word' id='word_1_6' title='bbox 724 729 771 792; x_wconf 84' lang='lat' dir='ltr'><strong>de’</strong></span> <span class='ocrx_word' id='word_1_7' title='bbox 783 733 915 792; x_wconf 77' lang='lat' dir='ltr'><strong>Romani</strong></span> <span class='ocrx_word' id='word_1_8' title='bbox 929 730 962 792; x_wconf 82' lang='lat' dir='ltr'><strong>di</strong></span> <span class='ocrx_word' id='word_1_9' title='bbox 976 732 1062 794; x_wconf 84' lang='lat' dir='ltr'><strong>Festo</strong></span> <span class='ocrx_word' id='word_1_10' title='bbox 1073 731 1167 796; x_wconf 82' lang='lat' dir='ltr'><strong>Rufo.</strong></span> <span class='ocrx_word' id='word_1_11' title='bbox 1190 731 1256 794; x_wconf 85' lang='lat' dir='ltr'><strong>Gon</strong></span> <span class='ocrx_word' id='word_1_12' title='bbox 1267 753 1328 794; x_wconf 79' lang='lat' dir='ltr'><strong>una</strong></span> 
     </span>
     <span class='ocr_line' id='line_1_3' title="bbox 383 828 1332 910; baseline 0 -20"><span class='ocrx_word' id='word_1_13' title='bbox 383 828 591 910; x_wconf 81' lang='lat' dir='ltr'><strong>Chronologia</strong></span> <span class='ocrx_word' id='word_1_14' title='bbox 607 828 684 892; x_wconf 87' lang='lat' dir='ltr'><strong>delle</strong></span> <span class='ocrx_word' id='word_1_15' title='bbox 696 850 763 890; x_wconf 85' lang='lat' dir='ltr'><strong>cose</strong></span> <span class='ocrx_word' id='word_1_16' title='bbox 775 829 936 891; x_wconf 76' lang='lat' dir='ltr'><strong>succeduto</strong></span> <span class='ocrx_word' id='word_1_17' title='bbox 953 831 1003 891; x_wconf 92' lang='lat' dir='ltr'><strong>nel</strong></span> <span class='ocrx_word' id='word_1_18' title='bbox 1016 831 1150 906; x_wconf 86' lang='lat' dir='ltr'><strong>Mondo,</strong></span> <span class='ocrx_word' id='word_1_19' title='bbox 1166 831 1248 891; x_wconf 81' lang='lat' dir='ltr'><strong>dalla</strong></span> <span class='ocrx_word' id='word_1_20' title='bbox 1265 829 1332 891; x_wconf 81' lang='lat' dir='ltr'><strong>fon·</strong></span> 
     </span>
     <span class='ocr_line' id='line_1_4' title="bbox 381 925 1331 1009; baseline 0.001 -22"><span class='ocrx_word' id='word_1_21' title='bbox 381 925 506 988; x_wconf 87' lang='lat' dir='ltr'><strong>datione</strong></span> <span class='ocrx_word' id='word_1_22' title='bbox 519 925 550 987; x_wconf 80' lang='lat' dir='ltr'><strong>di</strong></span> <span class='ocrx_word' id='word_1_23' title='bbox 567 929 683 1003; x_wconf 80' lang='lat' dir='ltr'><strong>Rome,</strong></span> <span class='ocrx_word' id='word_1_24' title='bbox 707 926 774 988; x_wconf 82' lang='lat' dir='ltr'><strong>lino</strong></span> <span class='ocrx_word' id='word_1_25' title='bbox 786 926 835 988; x_wconf 82' lang='lat' dir='ltr'><strong>all’</strong></span> <span class='ocrx_word' id='word_1_26' title='bbox 852 928 981 1009; x_wconf 81' lang='lat' dir='ltr'><strong>imperio</strong></span> <span class='ocrx_word' id='word_1_27' title='bbox 998 926 1030 987; x_wconf 87' lang='lat' dir='ltr'><strong>di</strong></span> <span class='ocrx_word' id='word_1_28' title='bbox 1044 928 1277 989; x_wconf 80' lang='lat' dir='ltr'><strong>Valentiniano.</strong></span> <span class='ocrx_word' id='word_1_29' title='bbox 1294 929 1331 988; x_wconf 90' lang='lat' dir='ltr'><strong>Di</strong></span> 
     </span>
     <span class='ocr_line' id='line_1_5' title="bbox 382 1025 1334 1108; baseline 0 -22"><span class='ocrx_word' id='word_1_30' title='bbox 382 1025 556 1086; x_wconf 87' lang='lat' dir='ltr'><strong>Domenico</strong></span> <span class='ocrx_word' id='word_1_31' title='bbox 574 1025 728 1086; x_wconf 85' lang='lat' dir='ltr'><strong>Benedetti</strong></span> <span class='ocrx_word' id='word_1_32' title='bbox 742 1025 782 1086; x_wconf 85' lang='lat' dir='ltr'><strong>da</strong></span> <span class='ocrx_word' id='word_1_33' title='bbox 794 1025 894 1086; x_wconf 80' lang='lat' dir='ltr'><strong>Trevi.</strong></span> <span class='ocrx_word' id='word_1_34' title='bbox 910 1027 946 1086; x_wconf 91' lang='lat' dir='ltr'><strong>lu</strong></span> <span class='ocrx_word' id='word_1_35' title='bbox 965 1028 1078 1101; x_wconf 83' lang='lat' dir='ltr'><strong>Rome,</strong></span> <span class='ocrx_word' id='word_1_36' title='bbox 1094 1047 1112 1084; x_wconf 88' lang='lat' dir='ltr'><strong>a</strong></span> <span class='ocrx_word' id='word_1_37' title='bbox 1127 1045 1211 1108; x_wconf 77' lang='lat' dir='ltr'><strong>spese</strong></span> <span class='ocrx_word' id='word_1_38' title='bbox 1222 1027 1334 1086; x_wconf 83' lang='lat' dir='ltr'><strong>diGre·</strong></span> 
     </span>
     <span class='ocr_line' id='line_1_6' title="bbox 383 1119 1333 1204; baseline 0.001 -24"><span class='ocrx_word' id='word_1_39' title='bbox 383 1122 471 1201; x_wconf 79' lang='lat' dir='ltr'><strong>gorio</strong></span> <span class='ocrx_word' id='word_1_40' title='bbox 485 1143 501 1180; x_wconf 85' lang='lat' dir='ltr'><strong>e</strong></span> <span class='ocrx_word' id='word_1_41' title='bbox 516 1121 670 1182; x_wconf 83' lang='lat' dir='ltr'><strong>Giovanni</strong></span> <span class='ocrx_word' id='word_1_42' title='bbox 683 1119 840 1180; x_wconf 75' lang='lat' dir='ltr'><strong>Audi-ooli.</strong></span> <span class='ocrx_word' id='word_1_43' title='bbox 855 1121 892 1180; x_wconf 94' lang='lat' dir='ltr'><strong>ln</strong></span> <span class='ocrx_word' id='word_1_44' title='bbox 905 1119 986 1181; x_wconf 82' lang='lat' dir='ltr'><strong>fine:</strong></span> <span class='ocrx_word' id='word_1_45' title='bbox 1006 1121 1040 1182; x_wconf 93' lang='lat' dir='ltr'><strong>in</strong></span> <span class='ocrx_word' id='word_1_46' title='bbox 1056 1123 1150 1182; x_wconf 80' lang='lat' dir='ltr'><strong>Roma</strong></span> <span class='ocrx_word' id='word_1_47' title='bbox 1168 1141 1224 1204; x_wconf 86' lang='lat' dir='ltr'><strong>per</strong></span> <span class='ocrx_word' id='word_1_48' title='bbox 1238 1123 1333 1181; x_wconf 84' lang='lat' dir='ltr'><strong>Fran·</strong></span> 
     </span>
     <span class='ocr_line' id='line_1_7' title="bbox 383 1218 775 1300; baseline 0 -22"><span class='ocrx_word' id='word_1_49' title='bbox 383 1239 466 1278; x_wconf 83' lang='lat' dir='ltr'><strong>cesco</strong></span> <span class='ocrx_word' id='word_1_50' title='bbox 479 1220 606 1280; x_wconf 82' lang='lat' dir='ltr'><strong>Tizzoni</strong></span> <span class='ocrx_word' id='word_1_51' title='bbox 625 1218 710 1300; x_wconf 81' lang='lat'><strong>1672.</strong></span> <span class='ocrx_word' id='word_1_52' title='bbox 728 1237 775 1280; x_wconf 67' lang='grc' dir='ltr'><strong>ια.</strong></span> 
     </span>
    </p>

    <p class='ocr_par' dir='ltr' id='par_1_3' title="bbox 288 1311 1332 1493">
     <span class='ocr_line' id='line_1_8' title="bbox 288 1311 1332 1399; baseline -0.002 -23"><span class='ocrx_word' id='word_1_53' title='bbox 288 1313 363 1398; x_wconf 83' lang='lat'>1673</span> <span class='ocrx_word' id='word_1_54' title='bbox 384 1350 423 1360; x_wconf 98' lang='lat'>—</span> <span class='ocrx_word' id='word_1_55' title='bbox 435 1318 544 1378; x_wconf 76' lang='lat' dir='ltr'><strong>Romo.</strong></span> <span class='ocrx_word' id='word_1_56' title='bbox 564 1337 608 1376; x_wconf 71' lang='grc' dir='ltr'><strong>ια.</strong></span> <span class='ocrx_word' id='word_1_57' title='bbox 622 1339 685 1378; x_wconf 80' lang='lat' dir='ltr'><strong>uua</strong></span> <span class='ocrx_word' id='word_1_58' title='bbox 699 1335 772 1378; x_wconf 88' lang='lat' dir='ltr'><strong>oum</strong></span> <span class='ocrx_word' id='word_1_59' title='bbox 784 1315 924 1398; x_wconf 86' lang='lat' dir='ltr'><strong>Ampelio</strong></span> <span class='ocrx_word' id='word_1_60' title='bbox 934 1330 965 1378; x_wconf 85' lang='lat' dir='ltr'><strong>et</strong></span> <span class='ocrx_word' id='word_1_61' title='bbox 974 1316 1060 1377; x_wconf 84' lang='lat' dir='ltr'><strong>Sexto</strong></span> <span class='ocrx_word' id='word_1_62' title='bbox 1068 1315 1163 1394; x_wconf 82' lang='lat' dir='ltr'><strong>Rufo,</strong></span> <span class='ocrx_word' id='word_1_63' title='bbox 1177 1335 1232 1399; x_wconf 82' lang='lat' dir='ltr'><strong>per</strong></span> <span class='ocrx_word' id='word_1_64' title='bbox 1240 1311 1332 1374; x_wconf 87' lang='lat' dir='ltr'><strong>Mich.</strong></span> 
     </span>
     <span class='ocr_line' id='line_1_9' title="bbox 384 1412 743 1493; baseline 0 -22"><span class='ocrx_word' id='word_1_65' title='bbox 384 1412 535 1493; x_wconf 76' lang='lat' dir='ltr'><strong>Angelum</strong></span> <span class='ocrx_word' id='word_1_66' title='bbox 548 1413 743 1476; x_wconf 75' lang='lat' dir='ltr'><strong>borbonum.</strong></span> 
     </span>
    </p>

    <p class='ocr_par' dir='ltr' id='par_1_4' title="bbox 289 1509 1336 1880">
     <span class='ocr_line' id='line_1_10' title="bbox 289 1509 1336 1592; baseline 0 -22"><span class='ocrx_word' id='word_1_67' title='bbox 289 1509 365 1592; x_wconf 73' lang='lat'><strong>1724</strong></span> <span class='ocrx_word' id='word_1_68' title='bbox 384 1511 549 1574; x_wconf 83' lang='lat' dir='ltr'><strong>L&#39;Historie</strong></span> <span class='ocrx_word' id='word_1_69' title='bbox 563 1513 702 1576; x_wconf 77' lang='lat' dir='ltr'><strong>Romane</strong></span> <span class='ocrx_word' id='word_1_70' title='bbox 715 1510 749 1571; x_wconf 83' lang='lat' dir='ltr'><strong>di</strong></span> <span class='ocrx_word' id='word_1_71' title='bbox 767 1513 803 1573; x_wconf 81' lang='lat'><strong>1..</strong></span> <span class='ocrx_word' id='word_1_72' title='bbox 818 1510 924 1572; x_wconf 90' lang='lat' dir='ltr'><strong>Giulio</strong></span> <span class='ocrx_word' id='word_1_73' title='bbox 943 1511 1034 1572; x_wconf 84' lang='lat' dir='ltr'><strong>Floro</strong></span> <span class='ocrx_word' id='word_1_74' title='bbox 1050 1511 1182 1572; x_wconf 74' lang='lat' dir='ltr'><strong>undntte</strong></span> <span class='ocrx_word' id='word_1_75' title='bbox 1199 1509 1241 1570; x_wconf 81' lang='lat' dir='ltr'><strong>da</strong></span> <span class='ocrx_word' id='word_1_76' title='bbox 1254 1509 1336 1590; x_wconf 70' lang='lat' dir='ltr'><strong>Santi</strong></span> 
     </span>
     <span class='ocr_line' id='line_1_11' title="bbox 388 1597 1336 1690; baseline -0.004 -22"><span class='ocrx_word' id='word_1_77' title='bbox 388 1609 478 1668; x_wconf 87' lang='lat' dir='ltr'><strong>Conti</strong></span> <span class='ocrx_word' id='word_1_78' title='bbox 490 1605 570 1668; x_wconf 83' lang='lat' dir='ltr'><strong>della</strong></span> <span class='ocrx_word' id='word_1_79' title='bbox 581 1610 679 1668; x_wconf 78' lang='lat' dir='ltr'><strong>Rocou</strong></span> <span class='ocrx_word' id='word_1_80' title='bbox 693 1609 862 1671; x_wconf 67' lang='lat' dir='ltr'><strong>conti-ada.</strong></span> <span class='ocrx_word' id='word_1_81' title='bbox 877 1609 946 1670; x_wconf 87' lang='lat' dir='ltr'><strong>Con</strong></span> <span class='ocrx_word' id='word_1_82' title='bbox 960 1609 1126 1690; x_wconf 75' lang='lat' dir='ltr'><strong>l&#39;eggiuntn</strong></span> <span class='ocrx_word' id='word_1_83' title='bbox 1139 1608 1192 1668; x_wconf 84' lang='lat' dir='ltr'><strong>alli</strong></span> <span class='ocrx_word' id='word_1_84' title='bbox 1205 1597 1336 1688; x_wconf 78' lang='lat' dir='ltr'><strong>margini</strong></span> 
     </span>
     <span class='ocr_line' id='line_1_12' title="bbox 388 1700 1336 1786; baseline 0.002 -26"><span class='ocrx_word' id='word_1_85' title='bbox 388 1700 435 1761; x_wconf 86' lang='lat' dir='ltr'><strong>de&#39;</strong></span> <span class='ocrx_word' id='word_1_86' title='bbox 445 1703 567 1764; x_wconf 88' lang='lat' dir='ltr'><strong>numeri</strong></span> <span class='ocrx_word' id='word_1_87' title='bbox 579 1702 783 1786; x_wconf 75' lang='lat' dir='ltr'><strong>cronologici,</strong></span> <span class='ocrx_word' id='word_1_88' title='bbox 797 1705 896 1765; x_wconf 77' lang='lat' dir='ltr'><strong>cavati</strong></span> <span class='ocrx_word' id='word_1_89' title='bbox 907 1703 948 1764; x_wconf 83' lang='lat' dir='ltr'><strong>de</strong></span> <span class='ocrx_word' id='word_1_90' title='bbox 962 1704 1051 1766; x_wconf 85' lang='lat' dir='ltr'><strong>Giov.</strong></span> <span class='ocrx_word' id='word_1_91' title='bbox 1063 1703 1176 1764; x_wconf 84' lang='lat' dir='ltr'><strong>stadio.</strong></span> <span class='ocrx_word' id='word_1_92' title='bbox 1191 1705 1228 1764; x_wconf 89' lang='lat' dir='ltr'><strong>ln</strong></span> <span class='ocrx_word' id='word_1_93' title='bbox 1245 1705 1336 1766; x_wconf 80' lang='lat' dir='ltr'><strong>Vene-</strong></span> 
     </span>
     <span class='ocr_line' id='line_1_13' title="bbox 391 1799 871 1880; baseline 0.002 -24"><span class='ocrx_word' id='word_1_94' title='bbox 391 1799 450 1872; x_wconf 82' lang='lat' dir='ltr'><strong>zia,</strong></span> <span class='ocrx_word' id='word_1_95' title='bbox 465 1819 567 1880; x_wconf 82' lang='lat' dir='ltr'><strong>presso</strong></span> <span class='ocrx_word' id='word_1_96' title='bbox 580 1799 700 1862; x_wconf 73' lang='lat' dir='ltr'><strong>Andrea</strong></span> <span class='ocrx_word' id='word_1_97' title='bbox 714 1799 822 1862; x_wconf 89' lang='lat' dir='ltr'><strong>Poleti.</strong></span> <span class='ocrx_word' id='word_1_98' title='bbox 841 1800 871 1860; x_wconf 89' lang='lat'><strong>8.</strong></span> 
     </span>
    </p>
   </div>
   <div class='ocr_carea' id='block_1_3' title="bbox 704 1970 927 2032">
    <p class='ocr_par' dir='ltr' id='par_1_5' title="bbox 704 1970 927 2032">
     <span class='ocr_line' id='line_1_14' title="bbox 704 1970 927 2032; baseline -0.009 -2"><span class='ocrx_word' id='word_1_99' title='bbox 704 1970 927 2032; x_wconf 84' lang='lat' dir='ltr'><strong>BELGICAE.</strong></span> 
     </span>
    </p>
   </div>
   <div class='ocr_carea' id='block_1_4' title="bbox 295 2117 1344 2574">
    <p class='ocr_par' dir='ltr' id='par_1_6' title="bbox 295 2117 1183 2202">
     <span class='ocr_line' id='line_1_15' title="bbox 295 2117 1183 2202; baseline 0.001 -22"><span class='ocrx_word' id='word_1_100' title='bbox 295 2117 371 2202; x_wconf 84' lang='lat'>1593</span> <span class='ocrx_word' id='word_1_101' title='bbox 392 2119 547 2186; x_wconf 83' lang='lat' dir='ltr'><strong>Chronile</strong></span> <span class='ocrx_word' id='word_1_102' title='bbox 558 2145 619 2186; x_wconf 82' lang='lat' dir='ltr'><strong>vnn</strong></span> <span class='ocrx_word' id='word_1_103' title='bbox 632 2124 742 2186; x_wconf 84' lang='lat' dir='ltr'><strong>Florus</strong></span> <span class='ocrx_word' id='word_1_104' title='bbox 755 2147 815 2187; x_wconf 80' lang='lat' dir='ltr'><strong>vnn</strong></span> <span class='ocrx_word' id='word_1_105' title='bbox 830 2125 976 2186; x_wconf 82' lang='lat' dir='ltr'><strong>Grieken.</strong></span> <span class='ocrx_word' id='word_1_106' title='bbox 993 2121 1137 2184; x_wconf 75' lang='lat' dir='ltr'><strong>Amstenl.</strong></span> <span class='ocrx_word' id='word_1_107' title='bbox 1153 2121 1183 2197; x_wconf 68' lang='grc' dir='ltr'><strong>[ι.</strong></span> 
     </span>
    </p>

    <p class='ocr_par' dir='ltr' id='par_1_7' title="bbox 296 2216 1344 2574">
     <span class='ocr_line' id='line_1_16' title="bbox 296 2216 1340 2302; baseline 0 -25"><span class='ocrx_word' id='word_1_108' title='bbox 296 2217 368 2293; x_wconf 73' lang='grc'>1664</span> <span class='ocrx_word' id='word_1_109' title='bbox 391 2219 559 2282; x_wconf 82' lang='lat' dir='ltr'><strong>Roomsche</strong></span> <span class='ocrx_word' id='word_1_110' title='bbox 578 2221 705 2284; x_wconf 88' lang='lat' dir='ltr'><strong>historie</strong></span> <span class='ocrx_word' id='word_1_111' title='bbox 724 2244 784 2282; x_wconf 86' lang='lat' dir='ltr'><strong>van</strong></span> <span class='ocrx_word' id='word_1_112' title='bbox 804 2226 838 2284; x_wconf 91' lang='lat' dir='ltr'><strong>L.</strong></span> <span class='ocrx_word' id='word_1_113' title='bbox 855 2221 957 2284; x_wconf 86' lang='lat' dir='ltr'>Julius</span> <span class='ocrx_word' id='word_1_114' title='bbox 970 2220 1094 2297; x_wconf 83' lang='lat' dir='ltr'><strong>Florus,</strong></span> <span class='ocrx_word' id='word_1_115' title='bbox 1110 2217 1286 2302; x_wconf 70' lang='lat' dir='ltr'><strong>mitsgodens</strong></span> <span class='ocrx_word' id='word_1_116' title='bbox 1300 2216 1340 2278; x_wconf 83' lang='lat' dir='ltr'><strong>de</strong></span> 
     </span>
     <span class='ocr_line' id='line_1_17' title="bbox 391 2313 1342 2403; baseline 0.001 -28"><span class='ocrx_word' id='word_1_117' title='bbox 391 2319 456 2377; x_wconf 87' lang='lat' dir='ltr'><strong>tien</strong></span> <span class='ocrx_word' id='word_1_118' title='bbox 472 2317 639 2382; x_wconf 78' lang='lat' dir='ltr'><strong>bo&#39;elskens</strong></span> <span class='ocrx_word' id='word_1_119' title='bbox 656 2343 715 2381; x_wconf 86' lang='lat' dir='ltr'><strong>van</strong></span> <span class='ocrx_word' id='word_1_120' title='bbox 730 2321 911 2403; x_wconf 83' lang='lat' dir='ltr'><strong>Eutropius,</strong></span> <span class='ocrx_word' id='word_1_121' title='bbox 926 2317 999 2379; x_wconf 84' lang='lat' dir='ltr'><strong>alles</strong></span> <span class='ocrx_word' id='word_1_122' title='bbox 1014 2321 1045 2378; x_wconf 92' lang='lat' dir='ltr'><strong>in</strong></span> <span class='ocrx_word' id='word_1_123' title='bbox 1059 2317 1098 2378; x_wconf 94' lang='lat' dir='ltr'><strong>de</strong></span> <span class='ocrx_word' id='word_1_124' title='bbox 1112 2313 1342 2398; x_wconf 69' lang='lat' dir='ltr'><strong>uedertuytsobe</strong></span> 
     </span>
     <span class='ocr_line' id='line_1_18' title="bbox 393 2411 1344 2496; baseline -0.003 -22"><span class='ocrx_word' id='word_1_125' title='bbox 393 2411 454 2474; x_wconf 81' lang='lat' dir='ltr'><strong>tale</strong></span> <span class='ocrx_word' id='word_1_126' title='bbox 470 2415 597 2496; x_wconf 75' lang='lat' dir='ltr'><strong>gebragt</strong></span> <span class='ocrx_word' id='word_1_127' title='bbox 611 2416 692 2477; x_wconf 87' lang='lat' dir='ltr'><strong>door</strong></span> <span class='ocrx_word' id='word_1_128' title='bbox 708 2420 743 2478; x_wconf 81' lang='grc' dir='ltr'><strong>Α.</strong></span> <span class='ocrx_word' id='word_1_129' title='bbox 761 2417 800 2477; x_wconf 92' lang='lat' dir='ltr'><strong>de</strong></span> <span class='ocrx_word' id='word_1_130' title='bbox 813 2415 940 2492; x_wconf 83' lang='lat' dir='ltr'><strong>Decker,</strong></span> <span class='ocrx_word' id='word_1_131' title='bbox 959 2437 998 2476; x_wconf 89' lang='lat' dir='ltr'><strong>en</strong></span> <span class='ocrx_word' id='word_1_132' title='bbox 1020 2417 1158 2477; x_wconf 83' lang='lat' dir='ltr'><strong>oversien</strong></span> <span class='ocrx_word' id='word_1_133' title='bbox 1171 2413 1245 2474; x_wconf 82' lang='lat' dir='ltr'><strong>dorr</strong></span> <span class='ocrx_word' id='word_1_134' title='bbox 1266 2412 1290 2471; x_wconf 90' lang='lat' dir='ltr'><strong>l.</strong></span> <span class='ocrx_word' id='word_1_135' title='bbox 1307 2411 1344 2472; x_wconf 85' lang='lat' dir='ltr'><strong>de</strong></span> 
     </span>
     <span class='ocr_line' id='line_1_19' title="bbox 393 2509 716 2574; baseline 0.006 -4"><span class='ocrx_word' id='word_1_136' title='bbox 393 2509 519 2572; x_wconf 83' lang='lat' dir='ltr'><strong>Decker.</strong></span> <span class='ocrx_word' id='word_1_137' title='bbox 536 2509 652 2572; x_wconf 81' lang='lat' dir='ltr'><strong>t’Amst.</strong></span> <span class='ocrx_word' id='word_1_138' title='bbox 673 2535 716 2574; x_wconf 73' lang='grc' dir='ltr'><strong>η.</strong></span> 
     </span>
    </p>
   </div>
   <div class='ocr_carea' id='block_1_5' title="bbox 301 2683 1074 2916">
    <p class='ocr_par' dir='ltr' id='par_1_8' title="bbox 301 2683 1074 2916">
     <span class='ocr_line' id='line_1_20' title="bbox 729 2683 910 2745; baseline 0 -2"><span class='ocrx_word' id='word_1_139' title='bbox 729 2683 910 2745; x_wconf 78' lang='grc' dir='ltr'><strong>ΒΔΝῙΟΑ.</strong></span> 
     </span>
     <span class='ocr_line' id='line_1_21' title="bbox 301 2830 1074 2916; baseline -0.003 -24"><span class='ocrx_word' id='word_1_140' title='bbox 301 2832 376 2914; x_wconf 82' lang='lat'><strong>1699</strong></span> <span class='ocrx_word' id='word_1_141' title='bbox 396 2834 527 2916; x_wconf 84' lang='lat' dir='ltr'><strong>Hofniae.</strong></span> <span class='ocrx_word' id='word_1_142' title='bbox 543 2835 571 2896; x_wconf 91' lang='lat'><strong>8.</strong></span> <span class='ocrx_word' id='word_1_143' title='bbox 586 2835 751 2916; x_wconf 84' lang='lat' dir='ltr'>interprete</span> <span class='ocrx_word' id='word_1_144' title='bbox 764 2833 893 2915; x_wconf 71' lang='lat' dir='ltr'><strong>Mogens</strong></span> <span class='ocrx_word' id='word_1_145' title='bbox 907 2830 1074 2913; x_wconf 80' lang='lat' dir='ltr'><strong>Vingaurd.</strong></span> 
     </span>
    </p>
   </div>
   <div class='ocr_carea' id='block_1_6' title="bbox 699 3003 944 3067">
    <p class='ocr_par' dir='ltr' id='par_1_9' title="bbox 699 3003 944 3067">
     <span class='ocr_line' id='line_1_22' title="bbox 699 3003 944 3067; baseline -0.016 -1"><span class='ocrx_word' id='word_1_146' title='bbox 699 3003 944 3067; x_wconf 80' lang='lat' dir='ltr'><strong>POLONICA.</strong></span> 
     </span>
    </p>
   </div>
   <div class='ocr_carea' id='block_1_7' title="bbox 303 3143 1288 3234">
    <p class='ocr_par' dir='ltr' id='par_1_10' title="bbox 303 3143 1288 3234">
     <span class='ocr_line' id='line_1_23' title="bbox 303 3143 1288 3234; baseline -0.012 -20"><span class='ocrx_word' id='word_1_147' title='bbox 303 3151 378 3230; x_wconf 71' lang='lat'><strong>1646</strong></span> <span class='ocrx_word' id='word_1_148' title='bbox 400 3155 553 3218; x_wconf 82' lang='lat' dir='ltr'><strong>Cracovioe.</strong></span> <span class='ocrx_word' id='word_1_149' title='bbox 567 3153 597 3230; x_wconf 74' lang='lat' dir='ltr'><strong>l.</strong></span> <span class='ocrx_word' id='word_1_150' title='bbox 611 3168 736 3216; x_wconf 80' lang='lat' dir='ltr'><strong>auctore</strong></span> <span class='ocrx_word' id='word_1_151' title='bbox 748 3149 903 3234; x_wconf 83' lang='lat' dir='ltr'><strong>Christph.</strong></span> <span class='ocrx_word' id='word_1_152' title='bbox 916 3149 1029 3230; x_wconf 73' lang='lat' dir='ltr'><strong>Georg.</strong></span> <span class='ocrx_word' id='word_1_153' title='bbox 1041 3143 1288 3210; x_wconf 76' lang='lat' dir='ltr'><strong>Falissowslsiew.</strong></span> 
     </span>
    </p>
   </div>
   <div class='ocr_carea' id='block_1_8' title="bbox 758 3369 898 3386">
    <p class='ocr_par' dir='ltr' id='par_1_11' title="bbox 758 3369 898 3386">
     <span class='ocr_line' id='line_1_24' title="bbox 758 3369 898 3386; baseline -0.007 0"><span class='ocrx_word' id='word_1_154' title='bbox 758 3369 898 3386; x_wconf 51' lang='grc' dir='ltr'><strong>μ</strong></span> 
     </span>
    </p>
   </div>
   <div class='ocr_carea' id='block_1_9' title="bbox 515 3525 1136 3802">
    <p class='ocr_par' dir='ltr' id='par_1_12' title="bbox 515 3525 1136 3802">
     <span class='ocr_line' id='line_1_25' title="bbox 569 3525 1085 3618; baseline -0.016 0"><span class='ocrx_word' id='word_1_155' title='bbox 569 3525 1085 3618; x_wconf 86' lang='lat' dir='ltr'><strong>SUPPLEMENTUM</strong></span> 
     </span>
     <span class='ocr_line' id='line_1_26' title="bbox 515 3727 1136 3802; baseline -0.019 -1"><span class='ocrx_word' id='word_1_156' title='bbox 515 3737 577 3801; x_wconf 75' lang='lat' dir='ltr'><strong>ln</strong></span> <span class='ocrx_word' id='word_1_157' title='bbox 601 3733 890 3802; x_wconf 76' lang='lat' dir='ltr'><strong>nninionun</strong></span> <span class='ocrx_word' id='word_1_158' title='bbox 914 3727 1136 3797; x_wconf 80' lang='lat' dir='ltr'><strong>innionn.</strong></span> 
     </span>
    </p>
   </div>
   <div class='ocr_carea' id='block_1_10' title="bbox 302 3897 1354 4386">
    <p class='ocr_par' dir='ltr' id='par_1_13' title="bbox 302 3897 1354 4386">
     <span class='ocr_line' id='line_1_27' title="bbox 342 3897 1354 3984; baseline -0.015 -11"><span class='ocrx_word' id='word_1_159' title='bbox 342 3915 438 3974; x_wconf 85' lang='lat' dir='ltr'><strong>Nobis</strong></span> <span class='ocrx_word' id='word_1_160' title='bbox 459 3916 494 3974; x_wconf 91' lang='lat' dir='ltr'><strong>in</strong></span> <span class='ocrx_word' id='word_1_161' title='bbox 508 3929 686 3974; x_wconf 82' lang='lat' dir='ltr'><strong>transcursu</strong></span> <span class='ocrx_word' id='word_1_162' title='bbox 703 3909 930 3984; x_wconf 78' lang='lat' dir='ltr'><strong>Pinellinnum‚</strong></span> <span class='ocrx_word' id='word_1_163' title='bbox 951 3901 1187 3977; x_wconf 63' lang='lat' dir='ltr'><strong>usnemun,</strong></span> <span class='ocrx_word' id='word_1_164' title='bbox 1211 3897 1354 3958; x_wconf 73' lang='lat' dir='ltr'><strong>bskeuia·</strong></span> 
     </span>
     <span class='ocr_line' id='line_1_28' title="bbox 302 4001 1354 4093; baseline -0.018 -20"><span class='ocrx_word' id='word_1_165' title='bbox 302 4029 397 4088; x_wconf 79' lang='lat' dir='ltr'><strong>num,</strong></span> <span class='ocrx_word' id='word_1_166' title='bbox 409 4025 439 4070; x_wconf 85' lang='lat' dir='ltr'><strong>et</strong></span> <span class='ocrx_word' id='word_1_167' title='bbox 449 4011 688 4093; x_wconf 81' lang='lat' dir='ltr'><strong>Spencerianurn</strong></span> <span class='ocrx_word' id='word_1_168' title='bbox 701 4009 884 4090; x_wconf 74' lang='lat' dir='ltr'><strong>catalogos,</strong></span> <span class='ocrx_word' id='word_1_169' title='bbox 900 4009 933 4068; x_wconf 89' lang='lat' dir='ltr'><strong>in</strong></span> <span class='ocrx_word' id='word_1_170' title='bbox 948 4005 1063 4087; x_wconf 87' lang='lat' dir='ltr'><strong>quibus</strong></span> <span class='ocrx_word' id='word_1_171' title='bbox 1075 4001 1166 4060; x_wconf 75' lang='lat' dir='ltr'><strong>varlae</strong></span> <span class='ocrx_word' id='word_1_172' title='bbox 1178 4016 1354 4058; x_wconf 83' lang='lat' dir='ltr'><strong>memoran-</strong></span> 
     </span>
     <span class='ocr_line' id='line_1_29' title="bbox 302 4093 1354 4189; baseline -0.02 -19"><span class='ocrx_word' id='word_1_173' title='bbox 302 4109 522 4189; x_wconf 78' lang='lat' dir='ltr'><strong>turprimeriae</strong></span> <span class='ocrx_word' id='word_1_174' title='bbox 538 4108 624 4170; x_wconf 81' lang='lat' dir='ltr'><strong>Floni</strong></span> <span class='ocrx_word' id='word_1_175' title='bbox 641 4107 802 4182; x_wconf 82' lang='lat' dir='ltr'><strong>editiones,</strong></span> <span class='ocrx_word' id='word_1_176' title='bbox 823 4101 1071 4176; x_wconf 82' lang='lat' dir='ltr'><strong>consulentibus,</strong></span> <span class='ocrx_word' id='word_1_177' title='bbox 1088 4093 1275 4178; x_wconf 84' lang='lat' dir='ltr'><strong>quibusdam</strong></span> <span class='ocrx_word' id='word_1_178' title='bbox 1296 4113 1354 4175; x_wconf 91' lang='lat' dir='ltr'><strong>pu·</strong></span> 
     </span>
     <span class='ocr_line' id='line_1_30' title="bbox 302 4188 1352 4284; baseline -0.019 -18"><span class='ocrx_word' id='word_1_179' title='bbox 302 4207 391 4266; x_wconf 81' lang='lat' dir='ltr'><strong>blicis</strong></span> <span class='ocrx_word' id='word_1_180' title='bbox 409 4201 600 4264; x_wconf 84' lang='lat' dir='ltr'><strong>bibliothecis</strong></span> <span class='ocrx_word' id='word_1_181' title='bbox 621 4207 715 4262; x_wconf 86' lang='lat' dir='ltr'><strong>etiam</strong></span> <span class='ocrx_word' id='word_1_182' title='bbox 740 4201 920 4284; x_wconf 80' lang='lat' dir='ltr'><strong>exploratis,</strong></span> <span class='ocrx_word' id='word_1_183' title='bbox 951 4217 1014 4258; x_wconf 93' lang='lat' dir='ltr'><strong>non</strong></span> <span class='ocrx_word' id='word_1_184' title='bbox 1039 4195 1159 4254; x_wconf 82' lang='lat' dir='ltr'><strong>videtur</strong></span> <span class='ocrx_word' id='word_1_185' title='bbox 1181 4188 1352 4272; x_wconf 71' lang='lat' dir='ltr'><strong>piaecedens</strong></span> 
     </span>
     <span class='ocr_line' id='line_1_31' title="bbox 303 4287 1274 4386; baseline -0.02 -21"><span class='ocrx_word' id='word_1_186' title='bbox 303 4304 389 4386; x_wconf 88' lang='lat' dir='ltr'><strong>(vide</strong></span> <span class='ocrx_word' id='word_1_187' title='bbox 398 4323 465 4386; x_wconf 85' lang='lat' dir='ltr'><strong>sup.</strong></span> <span class='ocrx_word' id='word_1_188' title='bbox 478 4321 548 4383; x_wconf 73' lang='lat' dir='ltr'><strong>pag.</strong></span> <span class='ocrx_word' id='word_1_189' title='bbox 564 4299 620 4379; x_wconf 83' lang='lat'><strong>32)</strong></span> <span class='ocrx_word' id='word_1_190' title='bbox 632 4302 783 4364; x_wconf 83' lang='lat' dir='ltr'><strong>Recensus</strong></span> <span class='ocrx_word' id='word_1_191' title='bbox 798 4299 981 4360; x_wconf 86' lang='lat' dir='ltr'><strong>Editionum</strong></span> <span class='ocrx_word' id='word_1_192' title='bbox 994 4292 1128 4354; x_wconf 86' lang='lat' dir='ltr'><strong>multum</strong></span> <span class='ocrx_word' id='word_1_193' title='bbox 1140 4287 1274 4350; x_wconf 83' lang='lat' dir='ltr'><strong>deficere.</strong></span> 
     </span>
    </p>
   </div>
   <div class='ocr_carea' id='block_1_11' title="bbox 0 0 1517 4948">
    <p class='ocr_par' dir='ltr' id='par_1_14' title="bbox 0 0 1517 4948">
     <span class='ocr_line' id='line_1_32' title="bbox 0 0 1517 4948; baseline 0 0"><span class='ocrx_word' id='word_1_194' title='bbox 0 0 1517 4948; x_wconf 95' lang='lat' dir='ltr'><strong> </strong></span> 
     </span>
    </p>
   </div>
  </div>
 </body>
</html>
