3108 4956
312 575 376 640 338
706 571 961 638 PRAEFATIO

310 704 497 780 curiositas,
508 723 575 766 uno
584 674 641 782 seit
652 703 805 781 πρισὸιιὸνν,
817 699 921 766 altero
930 703 987 782 περὶ
996 705 1083 783 ἀργῆς
1092 705 1135 760 καὶ
1144 711 1241 772 κακίας.
1255 707 1354 789 Qum».

310 830 380 878 tum
403 827 437 877 et
459 831 576 876 sornam
599 831 703 896 genus
726 810 803 888 suit,
826 809 899 900 qui,
921 805 964 873 ad
984 806 1149 896 privatum
1172 811 1353 878 studiorum

309 940 421 997 usum,
439 918 527 984 inter
539 913 719 1004 legendum
735 911 913 980 laudabilia
929 913 1001 979 loce
1015 911 1056 978 ed
1074 936 1166 978 oram
1182 917 1352 999 notabant,

308 1045 382 1114 quae
400 1026 478 1104 ὤμ’ωι
496 1037 530 1086 ot
548 1026 662 1102 χρήσιμα
680 1019 786 1084 Graeci
804 1018 917 1084 Critici
933 1017 1114 1106 appellant,
1132 1041 1236 1109 euque
1255 1020 1352 1086 etiam

307 1131 488 1208 interdum,
506 1145 543 1197 ut
559 1127 685 1194 firmius
701 1127 869 1192 memoriae
885 1125 1100 1204 inhaererent,
1115 1124 1350 1194 describebant.

303 1241 374 1306 Nec
386 1241 531 1328 insignes
546 1253 675 1302 tantum
690 1237 869 1306 sententias
884 1235 1035 1326 plerique
1049 1235 1083 1299 in
1096 1236 1281 1302 adversarie
1294 1261 1352 1305 sua

302 1350 428 1414 referre
441 1348 545 1426 soliti,
560 1344 746 1424 sedetiam,
760 1361 797 1410 ut
811 1342 913 1409 iidem
924 1343 1036 1410 Critici
1047 1345 1244 1434 loquuntur,
1259 1347 1305 1404 dte
1318 1349 1350 1405 τὰ

303 1457 448 1532 meum,
470 1455 498 1520 si
515 1453 688 1518 historiam
706 1451 852 1541 aliquam
870 1451 1035 1540 egregiam
1053 1453 1275 1531 continerent,
1294 1470 1348 1518 aut

301 1564 504 1628 luculentam
521 1561 661 1650 alicujus
681 1559 760 1639 loci,
778 1559 827 1623 rei
842 1573 899 1622 aut
916 1579 1067 1649 personae
1083 1557 1347 1648 descriptionem.

299 1667 474 1752 Quinimo,
495 1684 529 1732 et
544 1681 786 1732 consueverunt
799 1663 894 1730 multi
910 1664 1062 1743 studiosi,
1082 1665 1109 1730 si
1124 1687 1225 1754 quem
1237 1683 1346 1731 aucto·

298 1798 370 1840 rem
381 1775 547 1863 legerent,
562 1789 694 1838 retento
705 1773 857 1838 lectionis
869 1770 1002 1852 ordine,
1021 1770 1184 1862 quidquid
1197 1795 1237 1838 ex
1248 1797 1288 1838 eo
1294 1774 1345 1864 ju·

297 1881 447 1948 dicarent
459 1879 721 1968 excerpendum,
735 1880 769 1944 in
784 1877 935 1944 codicem
948 1899 1044 1943 suum
1057 1901 1223 1967 regerere,
1240 1896 1274 1944 et
1285 1881 1345 1946 sibi

297 2011 439 2055 serrare.
459 1987 558 2054 Unde
573 1987 711 2065 facmm,
726 2003 764 2052 ut
779 1985 851 2052 baec
870 1988 905 2052 in
916 1984 1125 2053 bibliothecis
1143 1987 1344 2074 privatorum

296 2113 441 2186 reperte,
462 2117 549 2184 steps
569 2119 588 2162 a
606 2093 746 2158 librariis
762 2117 823 2184 pm
843 2095 980 2182 integris
998 2109 1172 2158 auctorum
1190 2095 1344 2183 operibus

295 2203 460 2291 descripta
472 2203 611 2282 fuerint,
627 2217 727 2290 atque
744 2199 787 2264 ad
802 2202 1045 2290 posteritatem,
1062 2199 1134 2264 aliis
1152 2200 1293 2268 subinde
1306 2223 1344 2266 ea

295 2301 536 2399 ercipientibus
546 2333 584 2375 ac
593 2307 868 2387 describentibus,
877 2324 1065 2396 propagata.
1075 2308 1125 2372 lta
1134 2324 1344 2374 conservatus

296 2431 345 2481 est
369 2416 569 2504 elegantium
592 2415 815 2504 nequitiarum
838 2414 976 2480 curiosis
1002 2415 1175 2480 Petronius
1202 2414 1343 2480 Arbiter.

211 2527 213 2534 ’
294 2519 394 2604 Quod
407 2519 496 2584 enim
508 2521 632 2610 exejus
646 2519 792 2609 Satyrico
806 2518 983 2600 hebemus,
998 2541 1089 2584 mera
1104 2535 1254 2608 excerpta
1266 2535 1345 2586 sunt

294 2628 432 2718 alicujus
445 2626 598 2707 studiosi,
612 2628 685 2715 qui,
701 2624 829 2715 quoead
841 2642 974 2715 gustum
986 2629 1128 2693 suumin
1140 2627 1196 2692 illo
1207 2642 1344 2692 auctore

294 2732 481 2812 invenerat,
506 2731 626 2797 eodem
650 2753 718 2821 quo
740 2755 824 2821 opus
845 2731 976 2822 legebat
996 2731 1128 2814 ordine,
1150 2729 1343 2800 adversariis

294 2842 360 2907 suis
382 2839 628 2906 commendavit
647 2863 686 2905 ac
706 2841 880 2911 commisit.
901 2843 966 2924 Qui
981 2857 1113 2931 putent,
1133 2865 1153 2905 a
1174 2841 1343 2908 monachis

293 2949 340 3014 sic
351 2949 512 3014 eviratum
525 2969 613 3028 esse,
626 2947 842 3013 vehementer
854 2963 973 3013 errant.
987 2947 1100 3032 Qualis
1111 2947 1183 3014 hmo
1192 2949 1343 3014 castratio

292 3054 394 3132 foret,
408 3077 498 3143 quas,
511 3053 645 3120 resectis
656 3075 676 3118 a
688 3053 817 3144 reliquo
830 3075 968 3142 corpore
982 3053 1155 3133 membris,
1167 3053 1222 3119 vel
1234 3055 1342 3144 potius

244 3169 245 3172 ’
293 3160 366 3250 ipso
378 3183 516 3249 corpore
531 3159 677 3251 abjecto,
693 3159 778 3224 solus
792 3158 966 3248 pudendas
977 3176 1087 3248 partes
1100 3159 1275 3250 reliquisse
1288 3159 1342 3224 vi·

292 3267 431 3333 deutur?
446 3268 560 3344 Certe,
575 3289 649 3354 quae
662 3265 906 3345 desiderentur,
925 3269 979 3332 vix
991 3265 1098 3334 videri
1111 3285 1251 3356 possunt
1263 3267 1340 3333 saia·

291 3349 380 3438 ciord
399 3395 437 3438 ec
455 3353 616 3461 nequiore
635 3373 737 3437 fuisse
755 3371 807 3438 his
825 3395 899 3462 quse
916 3373 1029 3440 relicta
1048 3391 1135 3440 sunt.
1155 3377 1261 3440 Immo
1280 3377 1341 3439 ista

292 3477 418 3544 nullam
429 3479 635 3567 procacitatis
652 3495 686 3542 et
698 3481 922 3564 protervitatis
937 3483 1076 3561 ὑπιρΰολὴν
1091 3480 1144 3546 vel
1155 3483 1235 3570 ipsis
1248 3482 1340 3547 leno-

289 3585 389 3652 nibus
403 3583 627 3672 usurpandam
638 3583 801 3673 rediquam
813 3585 947 3651 faciunt.
965 3585 1031 3654 Sed
1044 3587 1096 3652 his
1108 3605 1339 3677 excerptorum

289 3691 581 3760 concinnatoribus
593 3692 689 3756 facile
700 3693 955 3780 ignoscendum,
973 3695 1094 3784 siquid
1108 3715 1146 3762 ea
1157 3717 1269 3762 caussa
1282 3695 1339 3761 de·

290 3801 436 3866 trimenti
451 3821 546 3889 passa
563 3815 612 3864 est
628 3800 726 3887 Resp.
745 3799 898 3866 literaria.
917 3803 991 3867 Non
1007 3803 1095 3866 enim
1110 3803 1174 3868 hoc
1188 3803 1339 3892 proposi-

288 3922 359 3968 tum
376 3906 534 3972 videntur
548 3905 718 3987 babuisse,
738 3924 776 3972 ut
793 3925 958 3998 excerpta,
980 3931 1054 4000 quae
1070 3911 1112 3976 ud
1127 3933 1224 3975 usum
1240 3933 1337 3976 suum

289 4011 542 4102 exscripserunt,
561 4014 701 4102 posteris
718 4013 875 4104 legenda,
895 4017 970 4082 loco
984 4032 1156 4084 auctorum
1173 4018 1336 4105 ipsorum,

287 4113 535 4184 substituerent.
546 4121 596 4184 De
605 4119 753 4208 reliquis,
765 4120 886 4208 quibus
896 4138 1034 4211 apparet
1042 4121 1127 4187 banc
1136 4123 1239 4186 animi
1249 4145 1338 4188 men·

286 4241 353 4288 tem
367 4221 483 4301 fnisse,
499 4240 536 4287 ut
548 4247 607 4312 pro
620 4224 808 4290 auctoribus
820 4225 1024 4312 legerentur,
1040 4249 1124 4318 quos
1136 4225 1335 4316 compilave-
