3108 4956
327 463 390 527 282
656 461 692 526 L.
718 463 872 526 ANNAEl
897 461 1041 526 FLOR!

326 593 398 660 ntia
411 585 569 660 felicitas.
586 585 769 686 Siquidem
782 587 940 678 Quineto
957 584 1120 676 Metello,
1141 587 1253 660 Lucio
1266 585 1374 663 Afru-

326 709 386 778 nio
404 701 622 792 consulibus,
634 727 746 802 quum
759 704 921 776 Romana
932 703 1095 802 majestas
1106 717 1184 777 toto
1196 701 1285 776 orbe
1299 703 1375 803 pol·

325 820 432 910 leret,
461 835 691 918 recentesque
720 819 904 907 victorias,
934 822 1099 892 Ponticos
1128 835 1164 892 et
1187 820 1375 893 Armenios

327 932 528 1033 triumphos
543 937 580 1006 in
595 935 820 1031 Pompeianis
836 932 982 1006 theatris
995 938 1109 1007 Roma
1123 949 1299 1024 cantaret,
1316 938 1375 1006 ni·

300 1079 304 1088 ·
328 1056 400 1124 mia
410 1053 573 1150 Pompeii
585 1053 746 1150 potentia
757 1048 854 1148 apud
867 1053 1014 1139 otiosos,
1027 1065 1067 1122 nt
1079 1047 1185 1140 solet,
1197 1053 1290 1122 cives
1303 1077 1375 1124 rno-

292 1203 309 1255 9
328 1173 379 1242 vit
398 1165 579 1240 invidiam.
602 1163 786 1255 Metellus,
805 1165 853 1238 ob
869 1168 1097 1240 imminutum
1116 1168 1230 1240 Cretae
1249 1170 1376 1238 trium-

328 1282 458 1383 phurn,
495 1285 585 1356 Cato
617 1281 786 1356 adversus
817 1297 979 1380 potentes
1002 1308 1157 1382 semper
1190 1281 1374 1382 obliquus,

327 1399 526 1478 detrectare
543 1401 772 1495 Pompeium,
788 1400 945 1496 actisque
959 1397 1032 1496 ejus
1046 1396 1262 1497 obstrepere.
1280 1400 1375 1470 Hinc

327 1513 434 1586 dolor
455 1529 694 1586 transversum
714 1513 801 1610 egit,
823 1527 860 1585 et
881 1510 928 1584 ad
948 1511 1111 1610 presidia
1131 1511 1294 1612 dignitati
1314 1537 1374 1611 pa·

278 1663 310 1701 to
328 1628 439 1702 randa
454 1625 606 1726 impulit.
621 1627 650 1696 F
651 1641 729 1700 orte
744 1643 828 1698 tunc
842 1627 986 1700 Crassus
999 1653 1144 1727 genere,
1160 1627 1306 1717 divitiis,
1321 1626 1375 1698 di-

327 1747 460 1842 gnitate
481 1741 649 1829 llorebat;
669 1739 775 1814 vellet
797 1756 917 1814 tamen
943 1746 1118 1816 auctiores
1140 1767 1245 1842 opes:
1270 1744 1376 1816 Caius

328 1861 446 1930 Caesar
466 1855 686 1957 eloquentia,
710 1871 745 1928 et
767 1855 909 1954 spiritu,
933 1880 1017 1930 ecce
1036 1856 1111 1956 jam
1133 1873 1170 1930 et
1192 1856 1374 1932 consulatu

328 1972 568 2049 allevabatur:
586 1975 777 2071 Pompeius
792 1987 910 2044 tamen
925 1998 1033 2070 super
1045 1988 1236 2073 utrumque
1250 1976 1375 2046 emine·

279 2125 306 2161 n
328 2087 401 2162 bat.
422 2090 477 2161 Sic
497 2092 605 2188 igitur
621 2090 758 2162 Caesare
774 2087 983 2186 dignitatem
1000 2113 1224 2188 comparare,
1248 2089 1374 2162 Crasso

329 2229 474 2302 augere,
499 2206 671 2302 Pompeio
698 2206 850 2276 retinere
875 2203 1115 2301 cupientibus,
1141 2201 1375 2302 omnibusque

329 2323 464 2417 pariter
483 2323 643 2417 potentia
664 2316 819 2418 cupidis,
841 2317 888 2390 de
906 2317 1106 2392 invadenda
1126 2318 1308 2417 republica
1324 2317 1376 2392 fa·

279 2466 309 2501 ta
330 2432 396 2506 cile
409 2439 586 2508 convenit.
604 2438 697 2534 Ergo
710 2459 822 2534 quum
833 2437 964 2507 mutuis
978 2433 1111 2508 viribus
1125 2439 1162 2506 in
1173 2461 1275 2506 suum
1285 2438 1375 2532 quis·

329 2575 398 2648 que
417 2548 525 2624 decus
546 2555 733 2640 niteretur,
753 2548 906 2624 Galliam
926 2552 1043 2624 Caesar
1061 2549 1210 2639 invadit,
1231 2553 1378 2634 Crassus,

330 2772 457 2813 mortem:
480 2759 579 2813 ducum
597 2763 716 2833 ipsorum
738 2779 832 2834 super-
906 2780 933 2832 9.
953 2764 990 2816 Ob
1006 2763 1173 2816 imminutum
1186 2763 1265 2816 Creta
1281 2763 1375 2814 trium·

329 2839 417 2892 biam:
440 2854 465 2894 et
487 2841 594 2894 taudem
615 2841 721 2913 publica
743 2841 831 2894 llomae
869 2839 963 2914 plum.
980 2839 1096 2893 Velleius
1109 2841 1209 2892 Patere.
1229 2841 1265 2907 ll,
1277 2840 1325 2907 lo,
1339 2837 1372 2891 5:

329 2919 427 2990 passim
435 2920 506 2971 vitia.
514 2919 832 2991 legeffisarem,dppia·
874 2942 887 2966 ι
897 2921 959 2972 Non
970 2922 1067 2992 injuste
1077 2937 1206 2992 querens:
1222 2921 1321 2992 qnippe
1332 2937 1375 2970 or·

329 3015 407 3062 num,
422 2997 592 3066 Suetonium,
607 2995 791 3058 Plutarchum
806 3007 832 3047 et
875 3013 1050 3050 «numentum
1070 2997 1196 3069 triumphi
1210 3001 1281 3070 ejus,
1298 3000 1375 3050 Pom-

329 3077 399 3126 intcr
411 3077 570 3128 recentiores
583 3077 725 3146 scriptores
738 3075 765 3124 in
779 3075 833 3145 pri·
874 3081 972 3150 «peius
990 3077 1184 3131 subduxeras..
1205 3108 1242 3117 -
1256 3078 1376 3150 Actiaque

329 3156 377 3204 mis
386 3155 586 3220 Monrasontnn,
597 3154 694 3207 Grand.
704 3155 831 3206 etlldcad.
872 3161 925 3230 ejtu
939 3159 1087 3230 obstrepere.
1107 3159 1181 3210 Actis
1199 3157 1309 3228 alicujus
1326 3155 1374 3208 ob·

329 3233 372 3286 des
380 3235 517 3299 Romaim,
530 3235 606 3306 sliap.
618 3235 709 3286 XL—
720 3235 832 3303 Quinctu
873 3250 1004 3307 strepere,
1023 3251 1064 3288 est
1083 3235 1269 3290 murmurando
1286 3247 1312 3288 et
1330 3249 1375 3286 tu·

330 3311 447 3364 Metello.
462 3314 579 3379 Quincto
593 3295 697 3366 cae'citio
711 3312 832 3381 Metello,
873 3313 1375 3370 multaandoearescindendasuadsre.

330 3392 374 3462 qui
386 3388 461 3442 Celer
470 3389 556 3442 dictus
568 3403 614 3442 est.
622 3419 658 3429 -
669 3389 833 3460 Pompeianis
872 3421 908 3432 -
918 3394 989 3446 Hine
1000 3390 1082 3446 dolor.
1098 3390 1213 3458 Quidam
1227 3390 1319 3462 legunt
1333 3390 1376 3442 hie

330 3467 442 3520 theatris.
455 3467 524 3518 Cave
534 3485 566 3519 ea
576 3466 677 3518 theatra
687 3465 833 3538 intelligas,
873 3471 948 3524 astar
961 3491 992 3524 ex
1003 3474 1119 3543 antiquis
1135 3469 1217 3523 libris.
1231 3501 1267 3511 -
1280 3471 1376 3522 Trans·

331 3565 389 3618 quin
401 3547 541 3617 Pompeius
556 3550 697 3600 exstruxit:
712 3548 833 3600 noudum
874 3569 973 3604 uersum
996 3555 1056 3627 epit.
1079 3551 1238 3604 Sallustiana
1261 3549 1374 3603 Pbrasis.

331 3626 400 3679 enirn
411 3645 441 3678 aa
449 3625 635 3694 edificaverat,
644 3646 726 3698 quum
738 3627 772 3680 de
783 3631 834 3682 Mi·
873 3629 989 3696 Gallice,
1001 3629 1151 3700 lepouasais
1162 3629 1374 3682 iniracundia.

332 3702 446 3765 thridate
471 3703 649 3776 triumphavit.
673 3708 834 3778 Pompeiana
875 3707 972 3760 Dura.

331 3783 434 3838 theatra
444 3796 522 3836 vacat
533 3785 632 3838 Noster
644 3782 702 3837 loca
713 3785 833 3856 uhi,po-
912 3801 951 3840 to.
976 3785 1051 3840 Caius
1073 3787 1181 3840 Coesar...
1203 3785 1375 3838 collocabatur.

331 3863 410 3934 pulus
435 3865 572 3917 llomanus
597 3863 715 3935 Pompeii
741 3863 833 3917 laudes
873 3865 953 3917 Caius
966 3865 1052 3917 Cesar
1068 3864 1221 3936 eloquentia
1233 3877 1260 3916 et
1273 3864 1377 3927 animo,

332 3941 456 4007 canebat,
478 3944 532 3994 sive
553 3943 579 3994 in
601 3943 702 4016 Campo
722 3944 848 4008 Martio,¹
874 3955 900 3994 et
919 3945 974 4014 jam
997 3943 1139 3996 consulatu
1163 3959 1211 3996 suo
1235 3941 1375 3992 nitebutssr.

333 4021 385 4070 sive
396 4020 422 4070 iu
432 4021 506 4088 foro,
516 4022 570 4076 aive
581 4039 670 4074 revera
681 4020 715 4074 ad
724 4021 834 4076 idtbea·
872 4023 941 4076 Nam
960 4035 1021 4092 post
1040 4020 1178 4074 Metellum
1196 4034 1222 4072 et
1240 4020 1377 4071 Afranium

333 4112 373 4150 tra
381 4099 699 4170 quadanisnomeutanea,
708 4113 736 4154 ut
744 4101 833 4168 fiebat,
875 4101 970 4153 currsul
982 4102 1039 4153 luit.

333 4189 419 4230 erecta
431 4177 538 4230 luerint.
552 4179 597 4230 En.
611 4181 708 4232 Danau.
914 4197 952 4231 ta.
967 4179 1083 4232 Galliam
1096 4180 1293 4233 Cesarinoadit.
1304 4177 1379 4230 Bello
