3108 4956
561 434 705 498 utana
726 431 952 498 rannus.
1216 434 1280 522 269

235 560 353 633 forum
363 563 447 631 unci
458 575 596 632 traxere
608 557 836 632 carnificum:
852 556 996 631 Catulus
1006 585 1043 631 se
1056 563 1143 659 ignis
1153 558 1280 664 haustu
1300 571 1330 628 rt

234 673 389 749 ludibrio
412 674 565 748 bostium
588 681 737 748 exemit:
762 673 917 764 Merula,
942 673 1073 749 flamen
1089 677 1220 768 Dialis,
1244 682 1280 751 in
1300 689 1332 764 ιβ

235 791 411 891 Capitolio
425 796 521 866 Jovis
535 797 618 892 ipsis
633 791 754 866 oculos
770 818 941 864 venarum
954 819 1081 866 cruore
1095 799 1279 894 respersit:

233 905 445 997 Ancharius,
473 907 551 1006 ipso
572 907 714 980 vidente
736 908 870 998 Mario,
895 905 1076 981 confossus
1101 926 1167 1000 est,
1197 913 1281 1009 quia

234 1019 378 1094 fatalem
391 1018 489 1093 illam
503 1021 636 1094 scilicet
645 1047 790 1093 manum
802 1047 875 1093 non
887 1040 1094 1121 porrexerat
1105 1021 1280 1097 salutanti.

234 1139 319 1208 Haec
333 1153 388 1209 tot
398 1152 536 1209 senatus
550 1136 676 1209 funera
687 1141 779 1209 intra
791 1133 969 1208 Kalendas
982 1152 1017 1210 et
1029 1136 1112 1209 ldus
1123 1141 1282 1212 Januarii
1300 1161 1331 1214 ¹7

234 1255 362 1323 mensis
383 1255 533 1349 septima
557 1248 617 1323 illa
637 1255 742 1322 Marii
758 1276 918 1350 purpura
933 1249 1051 1325 dedit:
1075 1250 1162 1351 quid
1182 1252 1281 1326 futu·

234 1391 315 1438 rum
329 1365 411 1457 fuit,
428 1370 457 1438 si
471 1391 604 1438 annum
620 1365 810 1438 consularis
823 1366 1017 1465 implesset!

284 1485 448 1582 Scipione
464 1483 707 1583 Norbanoque
727 1482 943 1574 consulibus,
965 1488 1088 1557 tertius
1101 1482 1160 1556 ille
1175 1484 1282 1558 turbo
1302 1495 1333 1551 ¹8

237 1595 346 1670 civilis
357 1599 500 1670 insania:
511 1613 589 1669 toto
601 1596 723 1670 furore
733 1596 910 1671 detonuit:
928 1603 1063 1697 quippe
1077 1624 1187 1698 quum
1198 1595 1282 1672 binc

237 1725 319 1782 octo
333 1707 505 1808 legiones,
522 1727 558 1783 et
571 1715 769 1810 quingentae
783 1708 948 1785 cobortes
964 1727 1096 1784 starent
1108 1717 1146 1786 in
1157 1717 1281 1804 armis;

237 1824 321 1898 inde
341 1823 386 1898 ab
404 1827 487 1898 Asia
507 1851 589 1898 cum
610 1831 747 1900 victore
768 1831 923 1901 exercitu
946 1827 1041 1927 Sylla
1059 1845 1280 1928 properaret.

236 1943 282 2014 Et
301 1967 384 2014 sano
407 1968 517 2040 quum
540 1958 614 2015 tam
635 1941 732 2017 ferus
754 1947 790 2014 in
812 1942 971 2044 Syllanos
991 1935 1128 2017 Marius
1142 1943 1281 2036 fuisset,
1302 1965 1334 2021 ¹9

237 2069 369 2154 quanta
382 2059 512 2127 saevitia
524 2081 613 2154 opus
626 2072 717 2146 erat,
735 2071 774 2129 ut
785 2054 878 2156 Sylla
893 2055 938 2129 de
953 2059 1070 2129 Mario
1082 2055 1283 2130 vindicare-

236 2170 314 2245 tur?
330 2175 489 2244 Primum
505 2170 602 2270 apud
618 2174 778 2270 Capuam
794 2171 861 2245 sub
878 2198 981 2246 amne
995 2171 1170 2245 Volturno
1184 2177 1282 2274 signa

276 2406 317 2461 15.
330 2405 436 2461 Catulus
448 2427 474 2460 se
488 2408 555 2482 ipsis
568 2409 661 2463 haustu
666 2449 676 2478 ‚
689 2423 739 2464 etc.
781 2415 906 2486 septimus
916 2411 1076 2466 consulatus.
1084 2441 1121 2452 -
1129 2369 1280 2466 Consularis.

238 2489 330 2544 Cicero
352 2485 495 2542 Tusculan.
519 2489 615 2558 Quast.
634 2493 666 2558 V,
691 2509 740 2562 19:
781 2490 897 2559 Quidam
905 2491 1065 2555 consulatus,
1079 2489 1178 2542 melius.

241 2565 399 2620 aeonctusic
423 2586 451 2620 se
471 2565 547 2636 loco,
565 2589 652 2642 nuper
670 2572 742 2624 calce
820 2571 859 2624 18.
873 2571 995 2642 Scipione
1006 2571 1181 2642 Norbanoque
1191 2587 1282 2622 conus-

242 2670 254 2695 ι
264 2667 395 2720 arenaque
402 2647 544 2720 perpolito,
554 2649 679 2722 illatoque
687 2653 741 2722 iqui
782 2647 854 2702 libus.
864 2651 992 2722 Corrupte
1002 2651 1103 2721 antiqui
1111 2647 1172 2700 libri
1184 2650 1282 2700 Norba-

242 2729 310 2798 ·qui
327 2729 380 2778 vim
399 2725 487 2779 odoris
506 2729 643 2796 excitaret,
664 2729 742 2783 simul
781 2725 1283 2801 noquiuto.-Quumltincoctuleqio-

242 2805 379 2872 uincluso,
391 2823 440 2857 suo
451 2821 562 2859 mortem
571 2811 653 2879 magia
665 2823 742 2877 voto,
782 2825 839 2874 nes,
855 2820 880 2861 et
895 2809 1043 2882 quinqentce
1056 2807 1171 2861 cohortes
1187 2817 1284 2858 starent

243 2901 345 2956 squaru
355 2883 462 2936 arbitrio
469 2886 637 2938 inimicorum
645 2887 739 2941 obiit..
783 2887 811 2939 in
826 2887 921 2951 annis,
936 2886 1010 2951 inde,
1026 2898 1077 2938 ete.
1091 2887 1129 2937 lta
1146 2882 1284 2938 ediderunt

280 2963 319 3016 16.
336 2963 449 3016 Merula.
463 2963 577 3017 Velleius
591 2967 627 3032 ll,
646 2967 693 3034 23,
709 2968 741 3019 3:
783 2963 897 3016 Graevius
906 2977 933 3016 et
944 2961 1208 3025 Amstelodamensss3
1219 2961 1284 3033 opti·

244 3041 458 3107 -1ncisisvenis,
472 3044 664 3114 superfusoque
680 3044 744 3097 alta·
784 3061 837 3106 me,
857 3059 1016 3112 quamquam
1034 3053 1121 3092 tamen
1140 3039 1241 3112 legatur
1255 3042 1284 3090 in

245 3119 339 3172 nibus
358 3121 499 3190 sanguine,
523 3139 590 3191 quos
609 3139 676 3193 sepe
694 3141 743 3193 pro
784 3119 897 3188 antiquis
915 3117 1000 3184 libris,
1019 3130 1075 3168 tum
1095 3115 1209 3189 seriptis,
1227 3129 1284 3170 tum

245 3196 352 3251 usalute
369 3197 519 3270 reipublice
538 3197 645 3251 Flamen
663 3199 744 3253 Dialis
785 3193 873 3256 editia;
892 3213 980 3271 quamv
996 3195 1058 3247 binc
1077 3206 1134 3248 octo
1157 3194 1284 3270 leqioues,

245 3291 389 3349 «precatus
405 3290 460 3329 erat
472 3276 554 3343 deos,
571 3295 617 3329 eos
630 3279 657 3330 in
672 3297 745 3331 exse-
784 3273 844 3326 inde
857 3275 1006 3348 quinqeutoe
1019 3274 1133 3328 coltortes
1147 3287 1242 3328 starent
1256 3274 1284 3327 t'n

245 3357 411 3408 serationem
442 3355 548 3422 Cinnas,
578 3358 745 3430 partiumque
784 3355 1247 3423 amris‚inde,etc.dtnulloseusu.

247 3455 259 3480 ι
270 3434 325 3502 ejus
332 3446 388 3485 tum
398 3445 534 3505 precatus,
545 3435 644 3503 optime
653 3433 686 3487 de
698 3437 745 3486 rei·
824 3449 862 3501 19.
875 3433 959 3502 Quum
968 3432 1128 3505 tamferur...
1138 3445 1285 3506 quantaru-

146 3501 152 3512 ’
247 3509 374 3584 «publica
387 3514 508 3563 meritum
522 3513 642 3582 spiritum
659 3511 744 3566 reddi·
785 3512 848 3564 uitia
862 3523 1005 3584 opuserat,
1021 3524 1050 3566 ut
1064 3513 1182 3585 Syllade
1195 3513 1284 3566 Mario

248 3589 315 3643 adit.
327 3613 338 3637 ι
353 3619 388 3630 -
397 3589 504 3642 Flamen
516 3590 608 3644 Dialis.
618 3593 690 3645 Jovis
702 3611 745 3644 sa·
785 3591 1066 3659 vindicareturiQuam
1073 3592 1285 3664 quidemsenten·

246 3667 619 3741 cerdos.-Qtaiafataiem‚..
637 3689 745 3723 marsum
786 3670 849 3721 tiam
862 3670 897 3720 ita
911 3675 1037 3740 expressit
1049 3673 1183 3736 Parnaso,
1197 3671 1287 3740 Espn't
1355 3697 1358 3704 ·

241 3753 299 3803 don
318 3758 479 3819 porrexerat,
499 3761 548 3800 ete.
567 3750 624 3801 Hoc
643 3752 746 3822 signum
786 3747 817 3799 de
832 3747 849 3799 Γ
849 3747 973 3814 Histoire,
987 3747 1061 3802 lettre
1074 3749 1187 3802 XVIII.-
1203 3751 1286 3817 cilsa-

246 3829 300 3880 suis
309 3825 481 3893 dedeceant,
491 3826 621 3898 quibusse
629 3827 748 3880 adeunti·
786 3827 840 3878 rius
852 3825 947 3876 uoudra
961 3841 1055 3900 vesper
1068 3825 1094 3877 la
1109 3837 1176 3878 caste
1188 3825 1252 3878 dont
1264 3825 1287 3878 it

246 3905 297 3958 bus
319 3923 425 3958 manum
447 3921 502 3956 non
519 3905 680 3976 porrigeret,
701 3925 747 3960 eos
786 3913 823 3956 est
838 3904 913 3964 sorti,·
930 3902 952 3955 it
967 3905 1049 3956 cruira
1064 3905 1138 3956 avoir
1152 3906 1239 3977 e‘puisc‘
1251 3904 1287 3958 les

248 3982 416 4036 trucidarent.
786 3980 931 4033 recherches
950 3979 981 4032 de
1000 3981 1027 4032 la
1046 3999 1195 4054 venpeauce.
1218 3984 1288 4036 Mais

287 4080 325 4134 ¹7·
336 4061 460 4134 Septima.
471 4101 493 4114 ..
509 4079 635 4134 purpura.
646 4062 674 4115 ld
694 4075 746 4129 est,
785 4055 861 4128 Sylla
872 4057 978 4110 vieadra
985 4058 1147 4130 froidernent
1159 4061 1199 4114 lui
1209 4079 1286 4114 mon·
1356 4047 1361 4068 ⁸

788 4149 838 4192 trer
847 4137 873 4191 la
883 4138 1049 4210 mesquiuerie
1060 4139 1092 4193 de
1102 4159 1138 4196 ses
1145 4141 1256 4205 calculs3
1264 4139 1286 4195 il
