3108 4956
351 523 414 589 286
640 589 643 594 .
676 523 713 586 1..
737 521 894 588 ANNAEI
917 521 1065 590 FLORl

298 679 329 734 η
349 646 480 737 sidere,
496 661 531 719 et
545 641 591 718 ab
607 643 744 744 oppido
761 642 999 717 intercludere
1015 643 1228 744 aggreditur.
1250 647 1399 720 Interim

349 760 593 835 abundatione
610 764 711 833 verni
729 760 883 834 fluminis
900 759 1157 834 commeatibus
1174 759 1397 862 prohibetur.

349 881 406 952 Sic
425 877 520 952 fame
544 893 657 951 castra
677 893 810 950 tentata
830 896 930 966 sunt;
955 878 1188 979 obsessorque
1206 882 1282 980 ipse
1298 885 1399 980 quasi

298 1009 332 1064 ιθ
350 993 593 1068 obsidebatur.
612 991 682 1066 Sed
696 993 760 1068 ubi
774 1019 844 1094 part
858 993 1012 1068 fluminis
1024 993 1144 1085 rediit,
1162 994 1399 1094 populationi-

350 1111 415 1185 bus
430 1129 466 1184 et
481 1137 608 1212 pugnae
621 1137 767 1212 campos
782 1115 942 1211 aperuit,
961 1115 1090 1184 iterum
1104 1109 1204 1184 ferox
1221 1115 1344 1184 instat:
1362 1128 1398 1186 et

350 1227 515 1302 cedentes
535 1229 582 1302 ad
603 1227 834 1302 Celtiberiam
849 1247 1073 1318 consecutus,
1092 1253 1220 1328 aggere
1236 1243 1272 1300 et
1287 1226 1398 1319 vallo,

299 1379 333 1432 ²9
350 1370 392 1416 ac
411 1371 476 1444 per
494 1342 569 1416 haec
589 1348 644 1416 siti
664 1342 711 1416 ad
729 1342 948 1416 deditionem
967 1340 1150 1442 compulit.
1178 1342 1236 1414 Sic
1254 1345 1399 1415 citerior

350 1461 522 1558 Hispania
539 1475 683 1558 recepta
697 1475 748 1532 est
757 1489 766 1550 ;
784 1485 851 1532 nec
868 1458 1016 1531 ulterior
1029 1483 1168 1530 moram
1184 1456 1292 1529 fecit:
1311 1454 1398 1556 quid

351 1578 447 1645 enim
460 1599 530 1646 una
542 1589 624 1672 post
636 1575 794 1673 quinque
807 1571 983 1672 legiones?
1004 1575 1126 1671 ltaque
1140 1569 1234 1646 ultro
1249 1569 1397 1644 cedente

352 1690 527 1776 Varrone,
546 1683 681 1777 Gades,
696 1686 843 1778 fretum,
860 1689 1041 1779 Oceanus,
1059 1690 1178 1758 omnia
1192 1683 1398 1758 felicitatem

298 1821 333 1876 30
352 1805 497 1876 Caesaris
516 1801 764 1902 sequebantur.
789 1801 933 1903 Aliquid
949 1818 1069 1876 tamen
1089 1801 1256 1875 adversus
1277 1801 1397 1874 absen-

351 1935 424 1992 tem
434 1919 564 1992 ducem
574 1945 657 1993 ausa
665 1918 809 1992 fortuna
819 1936 870 1993 est
881 1923 976 1994 circa
985 1919 1166 2018 Illyricum
1179 1935 1214 1992 et
1223 1917 1396 2011 Africam,

352 2041 451 2136 quasi
468 2035 513 2108 de
530 2033 702 2108 industria
715 2059 888 2134 prospera
903 2036 976 2135 ejus
992 2034 1146 2108 adversis
1163 2032 1394 2108 radiarentur.

299 2171 329 2225 ³1
351 2148 498 2248 Quippe
507 2173 619 2248 quum
630 2148 749 2222 fauces
759 2145 931 2221 Adriatici
939 2152 1044 2222 maris
1046 2149 1134 2248 jussi
1143 2175 1320 2248 occupare
1331 2151 1397 2220 Do·

351 2260 479 2335 labella
498 2281 532 2335 et
547 2267 734 2356 Antonius,
756 2261 815 2337 ille
832 2263 993 2366 lllyrico,
1015 2261 1074 2336 hic
1095 2266 1274 2338 Curictico
1292 2263 1397 2338 litore

352 2395 466 2451 castra
491 2383 704 2478 posuissent,
725 2379 802 2479 jam
822 2383 935 2453 maria
955 2377 1025 2453 late
1045 2396 1188 2454 tenente
1208 2384 1397 2479 Pompeio,

350 2582 377 2632 in
393 2578 478 2632 Gallia
495 2582 702 2647 Tarraconensi,
719 2597 776 2650 qua
790 2582 855 2634 cita·
895 2583 1036 2648 industria,
1063 2593 1093 2634 ut
1112 2599 1247 2658 prognem,
1270 2593 1321 2634 etc.
1355 2582 1397 2633 De

352 2661 405 2711 rior
414 2660 484 2712 dicta
495 2673 543 2714 est.
893 2681 959 2714 voce
978 2677 1068 2716 autem
1084 2663 1260 2728 radiarentur,
1281 2662 1397 2714 Graevius

387 2755 429 2809 27.
447 2737 630 2791 Odandatione
644 2735 853 2814 vernifluminis.
894 2742 922 2793 in
942 2743 1097 2812 praeintiona
1119 2743 1189 2794 hane
1209 2741 1294 2813 carpit
1314 2753 1398 2793 meta·

351 2817 380 2870 ld
401 2831 454 2883 est,
472 2815 655 2870 abundatione
669 2833 751 2868 verna
766 2812 855 2868 lluini-
894 2819 1160 2894 phomrgtamquanr
1171 2819 1397 2887 audacem,tnmi-

351 2900 400 2951 nis.
418 2899 470 2952 Alii
486 2899 578 2970 legunt
596 2897 771 2950 abundatione
777 2920 787 2960 ,-
804 2917 854 2950 nec
894 2897 969 2966 dam,
984 2899 1113 2964 inflatam
1127 2915 1153 2952 et
1165 2902 1283 2952 saniores
1294 2919 1343 2972 pro
1356 2917 1396 2952 ra·

352 2977 435 3030 male:
446 2991 476 3029 nt
484 2975 557 3050 apud
563 2978 635 3047 Virg.
646 2977 741 3047 Georg.
751 2977 776 3042 l,
788 2977 852 3032 rii:
894 2979 1039 3044 diarennrr,
1060 2979 1179 3032 dicturas
1201 2981 1282 3031 fuisse
1303 2992 1395 3051 putat,

353 3059 482 3110 uineartis
511 3075 573 3110 eum
600 3055 736 3110 mansibus
769 3057 853 3110 amnis
894 3057 1093 3111 illustrarentur.
1109 3061 1138 3110 ln
1150 3059 1243 3110 Graevii
1255 3071 1344 3130 partes
1353 3075 1397 3109 aa·

354 3133 546 3188 :abundans-
895 3137 965 3189 cedit
983 3136 1119 3201 Dulrerus;
1137 3149 1164 3188 et
1182 3137 1216 3189 ab
1236 3155 1267 3189 eo
1283 3139 1397 3210 Begerua

386 3233 428 3288 ²9·
444 3217 513 3288 Quid
522 3216 592 3270 enim
607 3235 660 3268 una
670 3227 729 3286 post
739 3217 856 3290 quinque
895 3220 941 3289 qui
957 3219 1024 3270 tueri
1043 3218 1098 3269 vult
1114 3214 1142 3268 ri
1153 3217 1333 3282 'naamanin
1352 3234 1398 3268 ur-

351 3294 480 3368 legiones?
497 3293 641 3362 Quomodo
654 3297 723 3346 enim
743 3313 796 3346 una
815 3295 853 3346 le·
894 3295 963 3348 bane
979 3293 1123 3366 admodum
1134 3294 1232 3346 dicitur
1246 3292 1398 3348 insulsitatis

288 3401 291 3409 ¹
348 3378 393 3448 gio
410 3377 531 3428 resistere
548 3377 692 3447 potuisset,
710 3386 853 3448 postquam
894 3389 919 3429 et
932 3377 1089 3448 ineptiarum
1098 3387 1221 3447 patrunus
1227 3383 1395 3447 perpetuus...

351 3455 468 3526 quinqua
487 3471 541 3504 non
559 3453 725 3524 patuissent?
742 3483 777 3494 --
793 3453 854 3508 Fre·
896 3455 987 3510 Tanta
994 3456 1128 3509 neanimis
1136 3467 1188 3508 tam
1196 3450 1303 3509 mitibus
1312 3456 1395 3506 irai...

351 3545 414 3586 lum.
427 3532 596 3585 Gaditanum·
893 3535 949 3590 Nos
969 3551 1072 3601 autem,
1090 3555 1233 3610 cumpace
1250 3535 1396 3588 eruditissi-

387 3615 430 3668 3ο.
438 3613 548 3688 Aliquid
556 3627 643 3668 tantan
650 3615 797 3669 adversus...
806 3617 855 3670 da·
894 3635 997 3668 morum
1012 3636 1121 3688 prorsus
1134 3629 1160 3668 at
1173 3616 1337 3668 irritabilium
1350 3615 1397 3667 nd-

350 3713 405 3748 cem
413 3713 474 3747 ausa
476 3693 599 3766 fortuna.
608 3695 709 3760 Hausit,
719 3694 774 3747 hac
785 3699 855 3750 sicut
894 3694 1002 3747 modum
1011 3704 1264 3759 commentatorum,
1274 3691 1326 3746 boc
1335 3693 1396 3744 loco

351 3772 401 3828 alia
420 3771 503 3826 multa
519 3773 571 3826 boc
585 3774 685 3846 capite,
702 3793 733 3827 ex
744 3775 853 3827 Lucano
893 3793 944 3846 pro
965 3773 1044 3826 Floro
1066 3773 1307 3844 patrocinabirnur,
1325 3787 1350 3825 et
1368 3773 1396 3823 in

351 3855 396 3920 lV,
407 3855 458 3924 doc
473 3875 479 3905 :
495 3853 577 3904 «Non
589 3852 681 3906 eadem
695 3851 756 3906 belli
769 3867 854 3906 totum
893 3871 958 3906 voce
975 3853 1151 3917 radiarentur,
1167 3851 1203 3902 nil
1219 3853 1268 3906 nisi
1283 3850 1396 3903 laudan-

351 3937 460 3988 fortnna
479 3953 529 4008 per
552 3932 643 3987 orbem
669 3933 804 3996 Constitit3
827 3935 854 3986 in
895 3931 958 3984 dum
972 3921 1183 4004 praedicdbimus.

351 4028 441 4084 partes
463 4013 563 4088 aliquid
588 4011 634 4066 sed
658 4014 764 4067 Caesaris
789 4031 854 4065 ausa
930 4014 972 4065 31.
986 4013 1122 4066 Curictico.
1134 4011 1186 4066 atii
1195 4011 1396 4084 Corcyrae-Sed

350 4107 448 4146 cst.-
461 4095 540 4163 Quasi
550 4093 582 4148 de
595 4093 722 4147 industria
732 4113 854 4168 prospera
895 4095 1020 4147 Curictico
1044 4091 1084 4144 vel
1106 4094 1219 4146 Curiatio
1242 4113 1273 4146 cx
1294 4095 1397 4147 varian-

350 4175 403 4246 ejut
414 4171 524 4224 aduersis
535 4171 706 4224 radiarentur.
719 4173 795 4225 Anna
807 4173 854 4224 Fa·
893 4175 958 4224 tium
973 4173 1117 4225 lectionum
1130 4170 1298 4225 multitudine
1308 4173 1394 4246 legen·

350 4251 392 4304 bri
411 4246 551 4322 legendum
569 4255 711 4323 proponit,
728 4251 803 4324 quasi
822 4252 853 4303 de
893 4251 957 4304 dum
968 4253 1069 4305 monuit
1078 4250 1228 4305 Salmasius.
1239 4253 1344 4308 curiata
1353 4271 1397 4306 au·
