3108 4956
314 585 377 656 boo
638 585 674 648 L.
699 585 855 650 ANNAEI
880 585 1026 649 FLORl

311 707 461 807 Syllam,
480 705 653 778 didicerat
670 733 818 806 generos
834 711 979 797 timere,
993 704 1176 808 filiamque
1192 711 1356 809 Pompeii

258 865 287 918 9¹
311 851 392 896 eum
400 822 617 923 patruelibus
625 822 854 922 exSylla:hic
864 823 1222 922 posteriscavebatur.
1232 829 1356 926 ltaque

309 964 383 1010 non
402 941 545 1038 ingratis
563 937 698 1011 civibus
719 965 841 1012 omnes
861 965 973 1012 unum
993 943 1029 1011 in
1050 943 1250 1038 principem
1270 967 1357 1013 con-

309 1057 396 1152 gesti
412 1051 587 1124 honores:
607 1057 701 1124 circa
716 1051 851 1151 templa
868 1056 1053 1151 imagines,
1072 1057 1110 1124 in
1126 1051 1266 1126 theatro
1285 1053 1356 1126 dis-

309 1173 419 1241 tincta
437 1167 544 1240 radiis
562 1194 714 1258 corona3
733 1185 912 1268 suggestus
929 1173 966 1240 in
985 1171 1102 1258 curia;
1121 1167 1297 1268 fastigium
1317 1175 1354 1242 in

310 1283 438 1373 domo;
455 1288 583 1357 mensis
596 1288 633 1356 in
647 1271 755 1374 caelo3
775 1281 903 1356 adhoc
918 1287 1023 1357 Pater
1034 1287 1110 1382 ipse
1126 1288 1264 1382 patriae,
1276 1311 1355 1383 per-

309 1415 506 1498 petuusque
522 1402 683 1472 Dictator
702 1384 722 1471 ;Α
734 1405 941 1491 novissime,
963 1398 1112 1472 dubium
1130 1426 1175 1473 an
1192 1403 1270 1498 ipso
1291 1427 1355 1474 vo-

308 1513 420 1606 lente,
443 1514 563 1588 oblata
582 1542 650 1614 pro
667 1519 819 1606 Rostris,
836 1533 872 1590 et
890 1519 1046 1592 Antonio
1067 1515 1240 1606 Consule,
1255 1522 1352 1617 regni

303 1655 469 1729 memma

310 1825 428 1878 Afranio.
449 1857 484 1866 -
505 1829 636 1882 Didicerat
652 1849 759 1906 generos
779 1833 812 1884 ti·
854 1832 948 1884 «vivos
960 1815 1031 1904 capit
1043 1849 1104 1884 cum
1117 1832 1230 1901 conjuge
1244 1843 1270 1880 et
1284 1828 1354 1881 libe-

311 1925 386 1958 mere.
399 1907 517 1961 Genetos
529 1909 638 1963 Caesaris
649 1925 727 1964 vocat
738 1912 812 1963 Potn-
855 1912 919 1964 «ris.
938 1913 1030 1965 Paucis
1046 1924 1109 1984 post
1125 1909 1233 1977 diebus,
1251 1907 1354 1962 dissen-

310 1989 812 2065 peium,primofleuerumipsiusCaess·
855 1993 950 2044 ssione
966 1995 993 2044 in
1014 1993 1129 2044 exercitu
1145 2003 1219 2058 orte,
1239 1991 1352 2041 Faustus

309 2066 463 2128 ris3deinde
471 2072 676 2143 Pompeiiipsius
684 2089 811 2144 generum
854 2083 903 2122 set
925 2071 1049 2122 Amanius
1069 2069 1292 2122 interficiuntur.»
1317 2071 1352 2120 Ut

309 2148 435 2200 Faustum
443 2147 549 2221 Syllam,
559 2153 605 2223 qui
613 2151 725 2204 duxerat
732 2151 811 2204 filiam
850 2151 892 2201 vix
904 2150 967 2200 satis
978 2147 1088 2219 intelligi
1102 2149 1187 2219 possit
1199 2166 1229 2199 es
1244 2145 1284 2198 his
1295 2165 1353 2198 vers

308 2229 398 2294 generi
408 2229 528 2296 Ceteris,
541 2244 568 2283 et
579 2233 666 2302 qussi,
682 2245 711 2282 ut
723 2233 758 2284 its
771 2230 811 2282 di·
850 2229 905 2295 bis,
916 2247 952 2292 sn
960 2232 995 2280 sit
1006 2231 1057 2280 ists·
1066 2226 1150 2280 caedes
1158 2229 1234 2298 jussu
1250 2239 1295 2278 aut
1306 2245 1353 2278 vu*

309 2323 381 2371 eam,
402 2320 458 2358 erat
482 2328 615 2380 properes·
635 2311 751 2364 Coesaris.
774 2340 811 2352 —
849 2308 1353 2379 luntateCaessrispernclu,neenei—

309 2384 455 2458 Filiamque
463 2389 811 2461 Pompeiieumpatnsels'bsu
849 2387 893 2440 Sic
911 2389 1018 2461 posteris
1042 2389 1188 2438 cavebatur.
1209 2386 1294 2438 Cesar
1315 2387 1352 2437 sie

309 2481 340 2515 ex
351 2460 434 2534 Sylla.
448 2467 595 2520 Perizonius
606 2467 649 2520 hic
665 2469 810 2522 rescriben-
850 2465 1043 2538 prospiciebat,
1062 2484 1096 2517 ue
1113 2466 1211 2535 posteri
1228 2482 1259 2515 ex
1275 2466 1354 2515 Pom-

308 2543 372 2596 ‹lum
384 2544 509 2598 censebat
518 2566 579 2600 cum
587 2548 703 2622 parvalis
713 2567 744 2600 ex
752 2547 810 2620 Syl·
850 2548 910 2618 peio
921 2558 1102 2618 superessent,
1112 2543 1233 2616 quibells
1242 2559 1353 2596 nuova·

309 2623 351 2690 la,
363 2625 437 2696 quod
448 2627 512 2680 mihi
521 2641 609 2681 temen
620 2647 677 2681 non
689 2647 812 2683 necesss-
853 2639 920 2678 rent.

308 2705 377 2756 rium
399 2706 510 2759 videtur.
532 2709 602 2760 Nam
622 2707 751 2782 deceptus
770 2721 811 2764 est
886 2721 929 2774 9¹·
946 2703 1128 2776 Circatemplss
1143 2701 1276 2774 lmafisset·
1289 2702 1352 2754 ¹32⁰
1413 2715 1421 2729 ⁶

308 2783 465 2849 Perizonius,
473 2799 570 2857 putans
578 2787 621 2839 hie
628 2786 760 2858 designari
766 2810 812 2863 pa·
851 2783 977 2855 imapum
986 2785 1054 2836 eitra
1064 2781 1162 2854 ternpla
1174 2779 1285 2850 intelligi
1293 2799 1353 2852 pos·

308 2861 400 2914 trueles
415 2862 486 2936 filia
507 2865 628 2937 Pompeii
655 2883 687 2917 ex
716 2867 810 2918 Fausto
850 2858 1291 2932 suntstatusrintemplisdeorum
1303 2877 1353 2931 pu-

307 2941 810 3017 Sylla,quililiieranthnjusPompeia
849 2945 911 2994 site.
927 2943 994 2994 Nam
1011 2941 1058 2994 bus
1075 2958 1182 3014 quoque
1195 2941 1290 2992 Caesasi
1303 2938 1351 2991 ds·

307 3040 338 3073 ex
354 3021 810 3098 syllaltaqusnonrespeetufilite
849 3035 933 3074 cretas
961 3023 1043 3075 fuisse
1070 3022 1150 3073 refert
1176 3019 1228 3071 Dio
1255 3021 1353 3084 xciv,

307 3103 439 3174 Pompeii,
452 3123 508 3176 quse
520 3118 604 3157 mater
614 3119 685 3174 eret,
704 3104 752 3158 sed
765 3125 808 3157 re·
849 3103 913 3169 ada:
929 3121 987 3174 quse
999 3099 1107 3173 quidem
1125 3113 1218 3152 statuae
1234 3099 1289 3150 sine
1304 3097 1352 3150 du·

308 3198 401 3254 speetu
407 3184 525 3252 Coesaris'
535 3184 563 3238 hj
573 3186 705 3257 patrueles
712 3206 808 3238 voem-
847 3179 893 3232 blo
905 3195 966 3232 sunt
982 3179 1110 3232 suetonio
1126 3177 1266 3231 iimttisscra
1272 3181 1351 3249 jutia

308 3274 363 3328 tur,
382 3262 454 3333 quod
472 3277 544 3316 rente
558 3264 646 3317 habat.
665 3263 808 3331 Cares-um,
846 3259 913 3312 deas.
936 3287 972 3300 -
989 3259 1118 3312 Distiaeta
1143 3257 1222 3310 radiis
1246 3275 1349 3310 camna.

308 3341 380 3412 quod
390 3344 474 3411 ipsam
483 3362 539 3394 rem
552 3343 593 3396 hic
605 3358 737 3396 narratam
750 3347 807 3396 tti-
847 3339 940 3409 Effigie
954 3339 1108 3402 numinum,
1123 3352 1152 3389 ut
1166 3335 1285 3408 appellat
1297 3337 1352 3388 Ta·

308 3431 364 3483 net,
382 3419 474 3471 Florus
487 3435 576 3472 nostes·
587 3441 696 3492 prorsus
706 3421 808 3474 dissen-
848 3421 915 3471 citus
928 3421 952 3482 l,
966 3435 1010 3483 ιο,
1027 3433 1066 3469 ta.
1076 3418 1254 3490 -Saqpestus
1264 3417 1290 3468 itt
1300 3417 1351 3468 Gu-

308 3500 339 3550 tit
350 3497 383 3550 ab
394 3501 490 3564 Hirtio,
501 3503 547 3570 qui
557 3499 670 3554 debello
682 3504 807 3554 Africano
847 3499 894 3551 ria.
908 3499 1010 3569 Cippus
1029 3495 1136 3550 modicae
1150 3497 1309 3564 altitudinis,
1323 3499 1350 3548 in

308 3595 367 3648 cap.
385 3577 434 3646 95,
451 3577 544 3644 trudit,
565 3581 714 3634 :Caesarem
730 3584 809 3634 Pom·
847 3579 1137 3653 quostatueretursells
1148 3597 1241 3644 sures,
1251 3592 1351 3630 utvere

293 3670 297 3676 ·
310 3677 320 3701 ι
331 3657 396 3727 pelte
406 3674 465 3708 cum
474 3659 562 3710 Fausti
573 3658 662 3712 liberis
671 3660 808 3713 incolumi·
847 3673 924 3732 putat
937 3659 1111 3712 casaubonus
1128 3658 1163 3712 ad
1180 3659 1350 3724 Suetonium,

308 3745 410 3786 statem
417 3739 612 3807 suaqueosnnia
621 3741 805 3792 concessisse.»
847 3737 900 3789 hoc
918 3737 989 3790 loeo.
1007 3767 1041 3778 --
1061 3738 1201 3810 Fastipium
1222 3739 1250 3788 in
1263 3737 1349 3789 domo.

306 3812 482 3878 Quaerendum
492 3815 571 3885 igitur
578 3829 636 3868 utor
645 3819 746 3870 veriora
755 3832 808 3870 tra·
848 3817 906 3868 Hoc
918 3829 957 3868 est
969 3835 1049 3887 supra
1059 3815 1167 3868 domum
1177 3833 1289 3868 acumen
1299 3833 1349 3886 py-

306 3889 418 3942 dideriti
436 3895 470 3945 Et
486 3907 575 3965 potest
591 3909 734 3969 utrumque
751 3915 807 3952 esse
847 3896 981 3948 ramidalis
992 3895 1264 3967 adinstartrisnguli,
1277 3894 1350 3967 quod

306 3989 395 4022 verum
406 3993 412 4022 :
422 3991 518 4044 nempe
527 3976 655 4030 Casarem
668 3981 752 4050 primo
765 3979 807 4031 his
846 3979 986 4050 proprium
1001 3979 1052 4030 tuis
1066 3977 1172 4048 templis
1183 3974 1304 4028 deorum.
1314 4005 1349 4016 ·-·

306 4051 469 4120 pepercisse,
486 4051 581 4107 deinde
597 4075 642 4110 eos
656 4072 745 4110 tamen
759 4077 806 4110 sna
847 4061 944 4112 Mensis
964 4058 992 4110 ia
1015 4058 1086 4114 cala.
1110 4058 1197 4110 Julius
1219 4058 1263 4129 qui
1288 4072 1350 4108 ante

306 4127 444 4180 voluntate
451 4149 510 4183 esse
519 4133 680 4188 interemtos.
691 4137 765 4188 Sicut
774 4137 807 4189 de
849 4136 994 4208 Quinctiiis.
1012 4138 1046 4188 la
1063 4137 1125 4190 calo
1138 4137 1215 4203 dicit,
1234 4139 1294 4208 quia
1309 4136 1349 4186 sol

307 4210 364 4278 ipso
385 4209 480 4259 Fausto
501 4210 569 4280 Sylla
592 4213 689 4264 llirtius
709 4213 806 4266 ibidem
847 4216 988 4268 duodecim
998 4217 1073 4286 signa
1084 4217 1184 4268 zodiaci
1193 4233 1350 4288 percurrens

306 4288 417 4360 scripsit.
446 4289 604 4342 «Afranium
632 4306 658 4344 et
681 4295 805 4346 Faustum
848 4295 957 4347 totidem
970 4313 1073 4348 menses
1086 4295 1175 4348 efficit.
