3108 4956
557 521 703 586 uranu
725 519 965 604 Quaurus.
1030 581 1033 586 .
1219 520 1281 584 su

241 663 358 720 actum
375 645 419 719 de
433 643 594 746 partibus
605 660 718 732 ratus,
731 647 792 715 uni
809 641 854 714 de
868 645 1037 741 proximis
1050 639 1287 714 auferendum,

238 758 390 860 praebuit
400 774 517 859 caput.
532 761 671 849 Brutus,
683 783 795 858 quum
805 761 842 829 in
852 759 972 830 Cassio
982 761 1090 830 etiam
1099 783 1203 830 suum
1215 761 1285 829 ani·
1304 777 1336 845 14

237 901 339 948 mum
351 875 580 975 perdidisset,
594 900 640 947 ne
654 870 742 974 quid
756 899 799 946 ex
813 875 994 944 constituti
1006 871 1078 946 fide
1092 877 1287 972 resignaret

238 991 305 1084 (ita
321 995 431 1082 enim,
447 994 602 1090 impares
616 1015 661 1062 ne
675 1003 898 1088 superessent
911 985 1023 1078 bello,
1036 989 1285 1083 convenerat),

237 1109 312 1203 ipse
325 1132 469 1207 quoque
485 1110 546 1178 uni
562 1109 734 1178 comitum
747 1130 893 1178 suorum
904 1101 1183 1176 confodiendum
1197 1129 1286 1203 prae·

236 1218 316 1294 buit
333 1219 436 1294 latus.
459 1223 548 1313 Quis
566 1223 840 1320 sapientissimos
860 1221 955 1291 viros
975 1244 1049 1290 non
1068 1222 1218 1290 miretur
1239 1217 1286 1291 ad
1304 1238 1335 1291 ιε

236 1335 402 1410 ultimum
417 1363 491 1409 non
506 1341 576 1408 suis
591 1335 755 1410 manibus
768 1333 868 1408 usos?
881 1337 947 1407 nisi
960 1338 988 1406 si
1005 1331 1074 1406 hoc
1087 1359 1230 1433 quoque
1242 1360 1285 1406 ex

237 1455 462 1550 persuasione
479 1450 608 1542 defuit,
625 1477 670 1524 ne
688 1449 861 1523 violarent
880 1475 1019 1540 manus,
1039 1447 1152 1521 sedin
1169 1447 1285 1521 aboli-

236 1569 334 1638 tione
352 1569 650 1639 sanctissimarnm
665 1569 973 1665 piissimarumque
989 1568 1205 1655 animarum,
1222 1563 1285 1663 ju-

239 1679 333 1752 dicio
349 1707 431 1772 suo,
448 1679 580 1756 scelere
597 1681 731 1775 alieno,
747 1697 941 1756 uterentur.

276 1869 441 1943 141me
453 1869 738 1946 aesuperessentdelle,
780 1871 814 1926 de
833 1891 899 1926 nece
917 1873 1123 1938 Mortuerum,
1144 1869 1240 1924 Grond.
1259 1879 1285 1921 et

236 1958 397 2000 convenerat.
418 1947 580 2024 Corruptutn
600 1948 675 2002 hunc
697 1950 739 2002 lo·
779 1952 876 2004 chad.
891 1952 967 2025 elsap.
988 1953 1036 2005 13:
1054 1951 1171 2004 «Brutus
1183 1961 1209 2002 et
1226 1949 1285 2002 cas-

237 2044 297 2080 cum
309 2029 561 2100 siorepcsuimusex
572 2031 739 2083 correctione
779 2033 829 2084 sius
843 2049 869 2084 se
884 2037 983 2084 tuerent
999 2049 1061 2084 avec
1077 2049 1130 2082 uae
1142 2027 1283 2102 prdcips'to-

235 2109 294 2160 Nic.
313 2109 468 2162 Heinsii.—
479 2111 587 2176 Brutus,
609 2127 690 2182 quum
710 2109 739 2162 s'ss
780 2112 835 2164 tion
850 2111 896 2183 qui
909 2109 971 2164 a'est
980 2129 1028 2182 pas
1043 2105 1190 2169 excusans,-
1208 2117 1234 2158 et
1248 2123 1284 2158 ose

237 2189 321 2242 cassio
337 2191 415 2242 etiam
432 2191 550 2242 animum
564 2209 639 2243 suum
651 2189 738 2262 perdi-
779 2209 811 2244 ne
822 2200 887 2262 peut
895 2189 944 2241 lire
953 2201 993 2242 cet
1004 2188 1146 2241 endroitde
1158 2186 1216 2240 leur
1228 2189 1281 2251 vie,

235 2268 317 2322 disset.
326 2267 614 2343 Sententiaest,quum
625 2289 657 2323 eo
666 2268 739 2341 qnod
778 2289 836 2324 sans
853 2270 930 2323 avoir
943 2271 1013 2344 pista
1028 2269 1061 2322 de
1082 2269 1109 2322 Iu
1130 2265 1283 2340 repullique

235 2347 739 2422 Cassiusdesperaverat,ipseqnoque
778 2354 826 2425 qui
842 2351 892 2424 fret
911 2353 978 2406 ainsi
1000 2349 1178 2405 aloodonade.
1200 2351 1282 2403 Caseus

235 2429 353 2480 animum
369 2426 576 2501 despondisset:
595 2429 646 2482 nisi
666 2427 738 2480 huuc
777 2429 862 2484 s’esats
872 2429 998 2484 donalia
1011 2441 1081 2483 mort
1092 2431 1108 2481 is
1121 2427 1198 2502 lofin
1212 2429 1243 2481 de
1255 2426 1283 2480 le

234 2505 325 2560 locutu
335 2526 391 2561 non
403 2508 563 2576 translative,
574 2507 621 2562 sed
629 2509 738 2580 proprie
779 2509 905 2583 trcqsr'ds'e5
923 2510 1024 2562 ceux-ci
1036 2509 1064 2561 Ia
1076 2513 1283 2562 eommessceiresst

234 2585 345 2660 intelligi
360 2588 439 2655 velis,
456 2607 512 2659 (luo
529 2606 611 2642 sensu
625 2587 737 2661 explicat
777 2609 810 2643 en
820 2589 932 2664 quelque
935 2589 1020 2661 fleon
1031 2607 1084 2662 par
1096 2589 1155 2642 leur
1162 2600 1261 2640 mort.»

233 2665 311 2719 Anus
318 2666 411 2720 Febris
422 2668 518 2721 Brutus
527 2669 667 2722 etCassius
674 2687 737 2722 con·
816 2670 856 2724 15.
870 2671 930 2726 Nisi
942 2672 966 2722 εἰ
980 2670 1174 2742 lsoeqssoqsse...
1188 2667 1281 2738 defuit.

234 2760 374 2814 venerant,
386 2761 416 2800 ut
427 2761 533 2800 monuo
545 2747 645 2812 altero,
657 2748 736 2800 etiam
776 2749 835 2802 Nisi
846 2747 898 2800 hoc
908 2747 1018 2819 (nempe
1026 2747 1148 2798 manibus
1156 2745 1280 2818 enisuri),

235 2823 303 2878 alter
314 2839 474 2890 morereture
485 2840 512 2880 et
518 2840 625 2879 mortuo
632 2827 737 2895 Cassio,
777 2828 830 2881 illis
839 2827 924 2881 deluit
933 2847 965 2880 ex
974 2829 1162 2900 persuasione,
1172 2838 1280 2878 autnon

235 2903 262 2954 in
283 2921 315 2954 eo
329 2905 482 2973 jam-suum
507 2907 624 2957 animum
644 2905 737 2957 Brutus
777 2904 830 2958 illis
850 2923 1007 2977 persuasum
1029 2917 1094 2956 eret.
1120 2932 1156 2942 -
1176 2902 1280 2954 dlsdict'e

234 2981 393 3052 perdiderat.
411 2983 462 3036 Sed
477 2984 572 3037 Florus
587 2985 679 3036 merito
693 2982 737 3036 lric
776 3003 854 3038 suo...
862 2994 1003 3035 uterentur.
1015 2984 1053 3034 Ex
1059 2981 1161 3054 judicio
1173 2999 1232 3046 suo,
1242 2983 1281 3034 uti

235 3058 469 3133 reprehendendus
483 3074 537 3126 est,
549 3061 660 3134 quihsrc
673 3074 739 3114 tam·
777 3060 920 3128 deberent,
941 3073 992 3114 etc.
1012 3090 1048 3100 —
1066 3057 1166 3114 Scelere
1184 3059 1280 3114 alieno.

236 3138 544 3212 qnsmeodeurtempore
554 3153 627 3212 gesta
640 3153 737 3206 narrat,
777 3139 858 3210 Quod
873 3143 909 3206 ei,
923 3154 952 3194 ut
968 3143 1073 3194 minime
1089 3139 1214 3207 dubium,
1231 3141 1281 3194 sibi

235 3235 318 3291 quum
329 3231 445 3286 constet,
459 3222 568 3272 Brutum
580 3232 644 3291 poet
656 3219 738 3272 Cassii
777 3219 905 3272 violentes
921 3219 1125 3273 manusinierre
1140 3219 1280 3284 referees,
1322 3280 1336 3292 ⁸

234 3315 343 3366 necem,
357 3299 501 3370 interjectis
514 3299 618 3370 aliquot
628 3297 747 3366 diebus,
777 3317 868 3353 noune
884 3299 963 3351 etiarn
978 3300 1054 3352 nefas
1072 3317 1100 3352 se
1114 3297 1148 3352 ab
1162 3299 1214 3351 alio
1232 3319 1283 3352 oc·

235 3377 353 3431 secundo
365 3377 528 3450 prelioonm
536 3379 738 3432 Csesereetdn·
777 3377 829 3431 cidi
847 3377 950 3448 jubere.
976 3379 1081 3451 Duplex
1101 3391 1142 3432 est
1163 3381 1278 3445 crimen,

234 3459 308 3511 tonio
329 3460 511 3530 contendisse,
533 3479 619 3533 eoque
637 3462 735 3514 vicum
776 3460 902 3536 puniam
916 3471 973 3510 tum
991 3457 1095 3513 sceleris
1113 3459 1151 3511 tui
1168 3460 1279 3531 pertici·

235 3535 341 3589 &muru
356 3539 493 3596 interiisse.
509 3540 629 3608 Quorum
646 3552 735 3593 antem
775 3557 836 3610 pern
849 3536 898 3591 tibi
912 3537 1049 3612 adjungas.
