<?xml version="1.0" encoding="UTF-8"?>
<!DOCTYPE html PUBLIC "-//W3C//DTD XHTML 1.0 Transitional//EN"
    "http://www.w3.org/TR/xhtml1/DTD/xhtml1-transitional.dtd">
<html xmlns="http://www.w3.org/1999/xhtml" xml:lang="en" lang="en">
 <head>
  <title>
</title>
<meta http-equiv="Content-Type" content="text/html;charset=utf-8" />
  <meta name='ocr-system' content='tesseract 3.04.00' />
  <meta name='ocr-capabilities' content='ocr_page ocr_carea ocr_par ocr_line ocrx_word'/>
</head>
<body>
  <div class='ocr_page' id='page_1' title='image "./luciiannaeiflor00lemagoog_0156.png"; bbox 0 0 3142 4938; ppageno 0'>
   <div class='ocr_carea' id='block_1_1' title="bbox 481 539 1220 630">
    <p class='ocr_par' dir='ltr' id='par_1_1' title="bbox 481 539 1220 630">
     <span class='ocr_line' id='line_1_1' title="bbox 481 539 1220 630; baseline 0.011 -27"><span class='ocrx_word' id='word_1_1' title='bbox 481 539 625 604; x_wconf 80' lang='lat' dir='ltr'><strong>mnan</strong></span> <span class='ocrx_word' id='word_1_2' title='bbox 648 539 911 607; x_wconf 83' lang='lat' dir='ltr'><strong>snouunus.</strong></span> <span class='ocrx_word' id='word_1_3' title='bbox 1161 545 1220 630; x_wconf 84' lang='lat'><strong>139</strong></span> 
     </span>
    </p>
   </div>
   <div class='ocr_carea' id='block_1_2' title="bbox 173 662 1273 998">
    <p class='ocr_par' dir='ltr' id='par_1_2' title="bbox 173 662 1273 998">
     <span class='ocr_line' id='line_1_2' title="bbox 173 662 1219 764; baseline 0 -28"><span class='ocrx_word' id='word_1_4' title='bbox 173 663 283 754; x_wconf 86' lang='lat' dir='ltr'><strong>bello,</strong></span> <span class='ocrx_word' id='word_1_5' title='bbox 302 662 519 756; x_wconf 83' lang='lat' dir='ltr'><strong>Sardiniam,</strong></span> <span class='ocrx_word' id='word_1_6' title='bbox 542 664 787 764; x_wconf 87' lang='lat' dir='ltr'><strong>adnexamque</strong></span> <span class='ocrx_word' id='word_1_7' title='bbox 811 667 844 736; x_wconf 90' lang='lat' dir='ltr'><strong>ei</strong></span> <span class='ocrx_word' id='word_1_8' title='bbox 868 666 1050 737; x_wconf 85' lang='lat' dir='ltr'><strong>Corsicam</strong></span> <span class='ocrx_word' id='word_1_9' title='bbox 1068 669 1219 738; x_wconf 88' lang='lat' dir='ltr'><strong>transit:</strong></span> 
     </span>
     <span class='ocr_line' id='line_1_3' title="bbox 173 777 1273 870; baseline -0.001 -17"><span class='ocrx_word' id='word_1_10' title='bbox 173 780 224 853; x_wconf 91' lang='lat' dir='ltr'><strong>ibi</strong></span> <span class='ocrx_word' id='word_1_11' title='bbox 235 778 368 870; x_wconf 85' lang='lat' dir='ltr'><strong>Olbiae,</strong></span> <span class='ocrx_word' id='word_1_12' title='bbox 385 796 421 854; x_wconf 81' lang='lat' dir='ltr'><strong>et</strong></span> <span class='ocrx_word' id='word_1_13' title='bbox 436 778 495 853; x_wconf 90' lang='lat' dir='ltr'><strong>hie</strong></span> <span class='ocrx_word' id='word_1_14' title='bbox 510 778 638 853; x_wconf 83' lang='lat' dir='ltr'><strong>Aleriae</strong></span> <span class='ocrx_word' id='word_1_15' title='bbox 653 779 752 854; x_wconf 89' lang='lat' dir='ltr'><strong>urbis</strong></span> <span class='ocrx_word' id='word_1_16' title='bbox 771 777 909 852; x_wconf 86' lang='lat' dir='ltr'><strong>excidio</strong></span> <span class='ocrx_word' id='word_1_17' title='bbox 924 778 1058 853; x_wconf 90' lang='lat' dir='ltr'><strong>incolas</strong></span> <span class='ocrx_word' id='word_1_18' title='bbox 1075 785 1221 870; x_wconf 84' lang='lat' dir='ltr'><strong>terruit,</strong></span> <span class='ocrx_word' id='word_1_19' title='bbox 1242 783 1273 834; x_wconf 76' lang='lat'><strong>¹⁶</strong></span> 
     </span>
     <span class='ocr_line' id='line_1_4' title="bbox 175 896 1221 998; baseline -0.001 -28"><span class='ocrx_word' id='word_1_20' title='bbox 175 896 336 998; x_wconf 84' lang='lat' dir='ltr'><strong>adeoque</strong></span> <span class='ocrx_word' id='word_1_21' title='bbox 351 923 473 970; x_wconf 90' lang='lat' dir='ltr'><strong>omnes</strong></span> <span class='ocrx_word' id='word_1_22' title='bbox 486 915 598 988; x_wconf 90' lang='lat' dir='ltr'><strong>terra,</strong></span> <span class='ocrx_word' id='word_1_23' title='bbox 610 903 702 971; x_wconf 89' lang='lat' dir='ltr'><strong>mari</strong></span> <span class='ocrx_word' id='word_1_24' title='bbox 715 901 843 970; x_wconf 88' lang='lat' dir='ltr'><strong>Poenos</strong></span> <span class='ocrx_word' id='word_1_25' title='bbox 854 901 1084 996; x_wconf 74' lang='lat' dir='ltr'><strong>expugnavit,</strong></span> <span class='ocrx_word' id='word_1_26' title='bbox 1095 913 1137 970; x_wconf 90' lang='lat' dir='ltr'><strong>ut</strong></span> <span class='ocrx_word' id='word_1_27' title='bbox 1145 897 1221 997; x_wconf 87' lang='lat' dir='ltr'><strong>jam</strong></span> 
     </span>
    </p>
   </div>
   <div class='ocr_carea' id='block_1_3' title="bbox 174 1011 1390 1111">
    <p class='ocr_par' dir='ltr' id='par_1_3' title="bbox 174 1011 1390 1111">
     <span class='ocr_line' id='line_1_5' title="bbox 174 1011 1390 1111; baseline -0.004 -25"><span class='ocrx_word' id='word_1_28' title='bbox 174 1017 331 1086; x_wconf 81' lang='lat' dir='ltr'><strong>victoriae</strong></span> <span class='ocrx_word' id='word_1_29' title='bbox 345 1011 434 1086; x_wconf 88' lang='lat' dir='ltr'><strong>nihil</strong></span> <span class='ocrx_word' id='word_1_30' title='bbox 455 1018 522 1086; x_wconf 88' lang='lat' dir='ltr'><strong>nisi</strong></span> <span class='ocrx_word' id='word_1_31' title='bbox 541 1013 662 1086; x_wconf 79' lang='lat' dir='ltr'><strong>Africa</strong></span> <span class='ocrx_word' id='word_1_32' title='bbox 685 1017 762 1111; x_wconf 89' lang='lat' dir='ltr'><strong>ipsa</strong></span> <span class='ocrx_word' id='word_1_33' title='bbox 785 1026 944 1085; x_wconf 88' lang='lat' dir='ltr'><strong>restaret.</strong></span> <span class='ocrx_word' id='word_1_34' title='bbox 964 1013 1089 1085; x_wconf 89' lang='lat' dir='ltr'><strong>Marco</strong></span> <span class='ocrx_word' id='word_1_35' title='bbox 1114 1011 1221 1086; x_wconf 85' lang='lat' dir='ltr'><strong>Atilio</strong></span> <span class='ocrx_word' id='word_1_36' title='bbox 1242 1028 1271 1082; x_wconf 86' lang='lat'><strong>¹7</strong></span> <span class='ocrx_word' id='word_1_37' title='bbox 1385 1047 1390 1056; x_wconf 95' lang='lat'>·</span> 
     </span>
    </p>
   </div>
   <div class='ocr_carea' id='block_1_4' title="bbox 175 1125 1280 2501">
    <p class='ocr_par' dir='ltr' id='par_1_4' title="bbox 175 1125 1279 2010">
     <span class='ocr_line' id='line_1_6' title="bbox 175 1125 1221 1230; baseline -0.004 -26"><span class='ocrx_word' id='word_1_38' title='bbox 175 1129 310 1230; x_wconf 72' lang='lat' dir='ltr'><strong>Regulo</strong></span> <span class='ocrx_word' id='word_1_39' title='bbox 328 1130 435 1221; x_wconf 90' lang='lat' dir='ltr'><strong>duee,</strong></span> <span class='ocrx_word' id='word_1_40' title='bbox 448 1132 524 1230; x_wconf 91' lang='lat' dir='ltr'><strong>jam</strong></span> <span class='ocrx_word' id='word_1_41' title='bbox 547 1135 583 1203; x_wconf 93' lang='lat' dir='ltr'><strong>in</strong></span> <span class='ocrx_word' id='word_1_42' title='bbox 596 1125 965 1227; x_wconf 51' lang='lat' dir='ltr'><strong>Africam‘navigahat</strong></span> <span class='ocrx_word' id='word_1_43' title='bbox 979 1127 1125 1202; x_wconf 91' lang='lat' dir='ltr'><strong>bellum.</strong></span> <span class='ocrx_word' id='word_1_44' title='bbox 1147 1131 1221 1200; x_wconf 90' lang='lat' dir='ltr'><strong>Nec</strong></span> 
     </span>
     <span class='ocr_line' id='line_1_7' title="bbox 176 1241 1222 1348; baseline -0.005 -30"><span class='ocrx_word' id='word_1_45' title='bbox 176 1245 340 1340; x_wconf 83' lang='lat' dir='ltr'><strong>deerant,</strong></span> <span class='ocrx_word' id='word_1_46' title='bbox 358 1251 420 1348; x_wconf 92' lang='lat' dir='ltr'><strong>qui</strong></span> <span class='ocrx_word' id='word_1_47' title='bbox 433 1251 511 1348; x_wconf 89' lang='lat' dir='ltr'><strong>ipso</strong></span> <span class='ocrx_word' id='word_1_48' title='bbox 523 1249 648 1320; x_wconf 87' lang='lat' dir='ltr'><strong>Punici</strong></span> <span class='ocrx_word' id='word_1_49' title='bbox 657 1249 764 1318; x_wconf 86' lang='lat' dir='ltr'><strong>maris</strong></span> <span class='ocrx_word' id='word_1_50' title='bbox 775 1248 921 1315; x_wconf 91' lang='lat' dir='ltr'><strong>nomine</strong></span> <span class='ocrx_word' id='word_1_51' title='bbox 933 1267 974 1314; x_wconf 89' lang='lat' dir='ltr'><strong>ac</strong></span> <span class='ocrx_word' id='word_1_52' title='bbox 987 1260 1125 1316; x_wconf 87' lang='lat' dir='ltr'><strong>terrore</strong></span> <span class='ocrx_word' id='word_1_53' title='bbox 1139 1241 1222 1314; x_wconf 90' lang='lat' dir='ltr'><strong>defi·</strong></span> 
     </span>
     <span class='ocr_line' id='line_1_8' title="bbox 177 1359 1224 1463; baseline -0.004 -29"><span class='ocrx_word' id='word_1_54' title='bbox 177 1380 316 1454; x_wconf 78' lang='lat' dir='ltr'><strong>serent,</strong></span> <span class='ocrx_word' id='word_1_55' title='bbox 336 1379 486 1463; x_wconf 76' lang='lat' dir='ltr'><strong>augente</strong></span> <span class='ocrx_word' id='word_1_56' title='bbox 506 1368 653 1462; x_wconf 89' lang='lat' dir='ltr'><strong>insuper</strong></span> <span class='ocrx_word' id='word_1_57' title='bbox 667 1359 811 1434; x_wconf 88' lang='lat' dir='ltr'><strong>tribuno</strong></span> <span class='ocrx_word' id='word_1_58' title='bbox 834 1362 983 1432; x_wconf 87' lang='lat' dir='ltr'><strong>Mannio</strong></span> <span class='ocrx_word' id='word_1_59' title='bbox 1002 1375 1165 1432; x_wconf 88' lang='lat' dir='ltr'><strong>metum:</strong></span> <span class='ocrx_word' id='word_1_60' title='bbox 1187 1363 1224 1430; x_wconf 92' lang='lat' dir='ltr'><strong>in</strong></span> 
     </span>
     <span class='ocr_line' id='line_1_9' title="bbox 177 1476 1225 1578; baseline -0.007 -27"><span class='ocrx_word' id='word_1_61' title='bbox 177 1503 303 1578; x_wconf 90' lang='lat' dir='ltr'><strong>quem,</strong></span> <span class='ocrx_word' id='word_1_62' title='bbox 318 1483 385 1551; x_wconf 88' lang='lat' dir='ltr'><strong>nisi</strong></span> <span class='ocrx_word' id='word_1_63' title='bbox 399 1483 589 1578; x_wconf 84' lang='lat' dir='ltr'><strong>paruisset,</strong></span> <span class='ocrx_word' id='word_1_64' title='bbox 599 1481 713 1550; x_wconf 84' lang='lat' dir='ltr'><strong>securi</strong></span> <span class='ocrx_word' id='word_1_65' title='bbox 727 1476 901 1566; x_wconf 84' lang='lat' dir='ltr'><strong>districta,</strong></span> <span class='ocrx_word' id='word_1_66' title='bbox 919 1479 1117 1574; x_wconf 83' lang='lat' dir='ltr'><strong>imperator</strong></span> <span class='ocrx_word' id='word_1_67' title='bbox 1127 1487 1225 1546; x_wconf 86' lang='lat' dir='ltr'><strong>metu</strong></span> 
     </span>
     <span class='ocr_line' id='line_1_10' title="bbox 176 1576 1279 1694; baseline -0.001 -30"><span class='ocrx_word' id='word_1_68' title='bbox 176 1599 301 1666; x_wconf 87' lang='lat' dir='ltr'><strong>mortis</strong></span> <span class='ocrx_word' id='word_1_69' title='bbox 310 1593 502 1694; x_wconf 80' lang='lat' dir='ltr'><strong>navigandi</strong></span> <span class='ocrx_word' id='word_1_70' title='bbox 518 1592 603 1668; x_wconf 87' lang='lat' dir='ltr'><strong>feeit</strong></span> <span class='ocrx_word' id='word_1_71' title='bbox 614 1592 809 1666; x_wconf 86' lang='lat' dir='ltr'><strong>audaciam.</strong></span> <span class='ocrx_word' id='word_1_72' title='bbox 823 1576 909 1663; x_wconf 85' lang='lat' dir='ltr'><strong>Mox</strong></span> <span class='ocrx_word' id='word_1_73' title='bbox 921 1595 1035 1664; x_wconf 88' lang='lat' dir='ltr'><strong>ventis</strong></span> <span class='ocrx_word' id='word_1_74' title='bbox 1048 1594 1225 1689; x_wconf 89' lang='lat' dir='ltr'><strong>remisque</strong></span> <span class='ocrx_word' id='word_1_75' title='bbox 1245 1595 1279 1680; x_wconf 45' lang='lat'><strong>¹⁸,</strong></span> 
     </span>
     <span class='ocr_line' id='line_1_11' title="bbox 176 1705 1225 1811; baseline -0.002 -31"><span class='ocrx_word' id='word_1_76' title='bbox 176 1724 412 1807; x_wconf 88' lang='lat' dir='ltr'><strong>properatum</strong></span> <span class='ocrx_word' id='word_1_77' title='bbox 442 1727 511 1801; x_wconf 88' lang='lat' dir='ltr'><strong>est;</strong></span> <span class='ocrx_word' id='word_1_78' title='bbox 537 1725 724 1811; x_wconf 88' lang='lat' dir='ltr'><strong>tantusque</strong></span> <span class='ocrx_word' id='word_1_79' title='bbox 751 1723 868 1781; x_wconf 87' lang='lat' dir='ltr'><strong>terror</strong></span> <span class='ocrx_word' id='word_1_80' title='bbox 897 1705 1024 1780; x_wconf 89' lang='lat' dir='ltr'><strong>hostici</strong></span> <span class='ocrx_word' id='word_1_81' title='bbox 1054 1705 1225 1779; x_wconf 86' lang='lat' dir='ltr'><strong>adventus</strong></span> 
     </span>
     <span class='ocr_line' id='line_1_12' title="bbox 176 1821 1225 1924; baseline -0.002 -29"><span class='ocrx_word' id='word_1_82' title='bbox 176 1826 294 1896; x_wconf 89' lang='lat' dir='ltr'><strong>Poenis</strong></span> <span class='ocrx_word' id='word_1_83' title='bbox 313 1823 398 1916; x_wconf 81' lang='lat' dir='ltr'><strong>fuit,</strong></span> <span class='ocrx_word' id='word_1_84' title='bbox 422 1841 477 1917; x_wconf 85' lang='lat' dir='ltr'><strong>ut,</strong></span> <span class='ocrx_word' id='word_1_85' title='bbox 500 1830 631 1924; x_wconf 85' lang='lat' dir='ltr'><strong>apertis</strong></span> <span class='ocrx_word' id='word_1_86' title='bbox 652 1849 753 1923; x_wconf 87' lang='lat' dir='ltr'><strong>paene</strong></span> <span class='ocrx_word' id='word_1_87' title='bbox 770 1826 897 1923; x_wconf 83' lang='lat' dir='ltr'><strong>portis,</strong></span> <span class='ocrx_word' id='word_1_88' title='bbox 920 1821 1099 1921; x_wconf 78' lang='lat' dir='ltr'><strong>Carthago</strong></span> <span class='ocrx_word' id='word_1_89' title='bbox 1123 1848 1225 1921; x_wconf 85' lang='lat' dir='ltr'><strong>cape·</strong></span> 
     </span>
     <span class='ocr_line' id='line_1_13' title="bbox 177 1951 285 2010; baseline 0 0"><span class='ocrx_word' id='word_1_90' title='bbox 177 1951 285 2010; x_wconf 90' lang='lat' dir='ltr'><strong>retur.</strong></span> 
     </span>
    </p>

    <p class='ocr_par' dir='ltr' id='par_1_5' title="bbox 178 2053 1280 2501">
     <span class='ocr_line' id='line_1_14' title="bbox 224 2053 1280 2155; baseline 0 -29"><span class='ocrx_word' id='word_1_91' title='bbox 224 2057 345 2128; x_wconf 90' lang='lat' dir='ltr'><strong>Prima</strong></span> <span class='ocrx_word' id='word_1_92' title='bbox 369 2053 454 2128; x_wconf 90' lang='lat' dir='ltr'><strong>belli</strong></span> <span class='ocrx_word' id='word_1_93' title='bbox 474 2053 752 2155; x_wconf 26' lang='lat' dir='ltr'><strong>praemiumlluit</strong></span> <span class='ocrx_word' id='word_1_94' title='bbox 777 2059 899 2129; x_wconf 84' lang='lat' dir='ltr'><strong>civitas</strong></span> <span class='ocrx_word' id='word_1_95' title='bbox 921 2053 1086 2154; x_wconf 81' lang='lat' dir='ltr'><strong>Clypea:</strong></span> <span class='ocrx_word' id='word_1_96' title='bbox 1108 2056 1227 2150; x_wconf 89' lang='lat' dir='ltr'><strong>prima</strong></span> <span class='ocrx_word' id='word_1_97' title='bbox 1248 2072 1280 2126; x_wconf 87' lang='lat'><strong>¹9</strong></span> 
     </span>
     <span class='ocr_line' id='line_1_15' title="bbox 179 2168 1225 2271; baseline -0.002 -33"><span class='ocrx_word' id='word_1_98' title='bbox 179 2171 312 2241; x_wconf 87' lang='lat' dir='ltr'><strong>enima</strong></span> <span class='ocrx_word' id='word_1_99' title='bbox 332 2173 466 2243; x_wconf 88' lang='lat' dir='ltr'><strong>Punico</strong></span> <span class='ocrx_word' id='word_1_100' title='bbox 480 2169 585 2244; x_wconf 88' lang='lat' dir='ltr'><strong>litore</strong></span> <span class='ocrx_word' id='word_1_101' title='bbox 598 2175 698 2271; x_wconf 90' lang='lat' dir='ltr'><strong>quasi</strong></span> <span class='ocrx_word' id='word_1_102' title='bbox 719 2196 782 2242; x_wconf 86' lang='lat' dir='ltr'><strong>arx</strong></span> <span class='ocrx_word' id='word_1_103' title='bbox 803 2187 839 2243; x_wconf 90' lang='lat' dir='ltr'><strong>et</strong></span> <span class='ocrx_word' id='word_1_104' title='bbox 858 2168 1018 2270; x_wconf 85' lang='lat' dir='ltr'><strong>specula,</strong></span> <span class='ocrx_word' id='word_1_105' title='bbox 1035 2170 1225 2267; x_wconf 89' lang='lat' dir='ltr'><strong>procurrit.</strong></span> 
     </span>
     <span class='ocr_line' id='line_1_16' title="bbox 178 2280 1280 2384; baseline -0.001 -33"><span class='ocrx_word' id='word_1_106' title='bbox 178 2283 224 2351; x_wconf 89' lang='lat' dir='ltr'><strong>Et</strong></span> <span class='ocrx_word' id='word_1_107' title='bbox 235 2280 334 2372; x_wconf 84' lang='lat' dir='ltr'><strong>haec,</strong></span> <span class='ocrx_word' id='word_1_108' title='bbox 352 2299 387 2355; x_wconf 90' lang='lat' dir='ltr'><strong>et</strong></span> <span class='ocrx_word' id='word_1_109' title='bbox 397 2299 556 2358; x_wconf 89' lang='lat' dir='ltr'><strong>trecenta</strong></span> <span class='ocrx_word' id='word_1_110' title='bbox 572 2283 723 2384; x_wconf 87' lang='lat' dir='ltr'><strong>amplius</strong></span> <span class='ocrx_word' id='word_1_111' title='bbox 740 2283 883 2358; x_wconf 87' lang='lat' dir='ltr'><strong>castella</strong></span> <span class='ocrx_word' id='word_1_112' title='bbox 899 2297 1033 2358; x_wconf 83' lang='lat' dir='ltr'><strong>vastata</strong></span> <span class='ocrx_word' id='word_1_113' title='bbox 1049 2297 1141 2354; x_wconf 89' lang='lat' dir='ltr'><strong>sunt.</strong></span> <span class='ocrx_word' id='word_1_114' title='bbox 1153 2281 1228 2351; x_wconf 88' lang='lat' dir='ltr'><strong>Nec</strong></span> <span class='ocrx_word' id='word_1_115' title='bbox 1247 2304 1280 2340; x_wconf 83' lang='lat'><strong>20</strong></span> 
     </span>
     <span class='ocr_line' id='line_1_17' title="bbox 180 2395 1230 2501; baseline 0 -33"><span class='ocrx_word' id='word_1_116' title='bbox 180 2421 264 2468; x_wconf 86' lang='lat' dir='ltr'><strong>cum</strong></span> <span class='ocrx_word' id='word_1_117' title='bbox 279 2395 503 2490; x_wconf 75' lang='lat' dir='ltr'><strong>hominibuS‚</strong></span> <span class='ocrx_word' id='word_1_118' title='bbox 515 2400 578 2474; x_wconf 90' lang='lat' dir='ltr'><strong>sed</strong></span> <span class='ocrx_word' id='word_1_119' title='bbox 588 2426 671 2473; x_wconf 91' lang='lat' dir='ltr'><strong>cum</strong></span> <span class='ocrx_word' id='word_1_120' title='bbox 684 2405 850 2475; x_wconf 89' lang='lat' dir='ltr'><strong>monstris</strong></span> <span class='ocrx_word' id='word_1_121' title='bbox 867 2427 1011 2501; x_wconf 90' lang='lat' dir='ltr'><strong>quoque</strong></span> <span class='ocrx_word' id='word_1_122' title='bbox 1021 2397 1230 2471; x_wconf 86' lang='lat' dir='ltr'><strong>dimicatum</strong></span> 
     </span>
    </p>
   </div>
   <div class='ocr_carea' id='block_1_5' title="bbox 150 2508 1230 2613">
    <p class='ocr_par' dir='ltr' id='par_1_6' title="bbox 150 2508 1230 2613">
     <span class='ocr_line' id='line_1_18' title="bbox 150 2508 1230 2613; baseline 0.004 -33"><span class='ocrx_word' id='word_1_123' title='bbox 150 2575 151 2578; x_wconf 73' lang='grc'>,</span> <span class='ocrx_word' id='word_1_124' title='bbox 180 2508 248 2582; x_wconf 81' lang='lat' dir='ltr'><strong>est&#39;:</strong></span> <span class='ocrx_word' id='word_1_125' title='bbox 267 2538 380 2611; x_wconf 90' lang='lat' dir='ltr'><strong>quum</strong></span> <span class='ocrx_word' id='word_1_126' title='bbox 401 2518 502 2613; x_wconf 89' lang='lat' dir='ltr'><strong>quasi</strong></span> <span class='ocrx_word' id='word_1_127' title='bbox 525 2519 561 2587; x_wconf 89' lang='lat' dir='ltr'><strong>in</strong></span> <span class='ocrx_word' id='word_1_128' title='bbox 579 2514 776 2588; x_wconf 84' lang='lat' dir='ltr'><strong>vindictam</strong></span> <span class='ocrx_word' id='word_1_129' title='bbox 795 2513 927 2587; x_wconf 78' lang='lat' dir='ltr'><strong>Africae</strong></span> <span class='ocrx_word' id='word_1_130' title='bbox 942 2530 1025 2586; x_wconf 85' lang='lat' dir='ltr'><strong>nata</strong></span> <span class='ocrx_word' id='word_1_131' title='bbox 1041 2517 1140 2586; x_wconf 87' lang='lat' dir='ltr'><strong>mirae</strong></span> <span class='ocrx_word' id='word_1_132' title='bbox 1157 2537 1230 2584; x_wconf 90' lang='lat' dir='ltr'><strong>ma·</strong></span> 
     </span>
    </p>
   </div>
   <div class='ocr_carea' id='block_1_6' title="bbox 179 2739 1236 4336">
    <p class='ocr_par' dir='ltr' id='par_1_7' title="bbox 179 2739 1234 3612">
     <span class='ocr_line' id='line_1_19' title="bbox 219 2739 1233 2818; baseline 0 -24"><span class='ocrx_word' id='word_1_133' title='bbox 219 2741 683 2801; x_wconf 78' lang='lat' dir='ltr'><strong>16.1bi01dioeetlricAlerioeurbis.</strong></span> <span class='ocrx_word' id='word_1_134' title='bbox 726 2748 865 2818; x_wconf 84' lang='lat' dir='ltr'><strong>scriptura.</strong></span> <span class='ocrx_word' id='word_1_135' title='bbox 892 2747 962 2799; x_wconf 83' lang='lat' dir='ltr'><strong>Nam</strong></span> <span class='ocrx_word' id='word_1_136' title='bbox 987 2744 1060 2796; x_wconf 87' lang='lat' dir='ltr'>MSS.</span> <span class='ocrx_word' id='word_1_137' title='bbox 1087 2739 1233 2794; x_wconf 83' lang='lat' dir='ltr'><strong>ostendunt</strong></span> 
     </span>
     <span class='ocr_line' id='line_1_20' title="bbox 181 2820 1231 2892; baseline -0.003 -16"><span class='ocrx_word' id='word_1_138' title='bbox 181 2822 223 2876; x_wconf 85' lang='lat' dir='ltr'><strong>Sic</strong></span> <span class='ocrx_word' id='word_1_139' title='bbox 239 2821 328 2876; x_wconf 87' lang='lat' dir='ltr'><strong>locum</strong></span> <span class='ocrx_word' id='word_1_140' title='bbox 339 2824 411 2877; x_wconf 90' lang='lat' dir='ltr'><strong>hunc</strong></span> <span class='ocrx_word' id='word_1_141' title='bbox 427 2827 498 2880; x_wconf 80' lang='lat' dir='ltr'><strong>foede</strong></span> <span class='ocrx_word' id='word_1_142' title='bbox 511 2830 632 2881; x_wconf 79' lang='lat' dir='ltr'><strong>vitiatum</strong></span> <span class='ocrx_word' id='word_1_143' title='bbox 644 2849 686 2882; x_wconf 86' lang='lat' dir='ltr'><strong>re-</strong></span> <span class='ocrx_word' id='word_1_144' title='bbox 725 2829 852 2892; x_wconf 78' lang='lat' dir='ltr'><strong>Nautn‘o,</strong></span> <span class='ocrx_word' id='word_1_145' title='bbox 864 2827 967 2880; x_wconf 70' lang='lat' dir='ltr'><strong>Nautio</strong></span> <span class='ocrx_word' id='word_1_146' title='bbox 974 2863 984 2891; x_wconf 87' lang='lat'><strong><em>,</em></strong></span> <span class='ocrx_word' id='word_1_147' title='bbox 995 2824 1092 2886; x_wconf 74' lang='lat' dir='ltr'><strong>Natio,</strong></span> <span class='ocrx_word' id='word_1_148' title='bbox 1105 2820 1231 2887; x_wconf 74' lang='lat' dir='ltr'><strong>Nunnio,</strong></span> 
     </span>
     <span class='ocr_line' id='line_1_21' title="bbox 182 2899 1233 2976; baseline -0.006 -20"><span class='ocrx_word' id='word_1_149' title='bbox 182 2904 685 2976; x_wconf 58' lang='lat' dir='ltr'><strong>sumitPerizonius:Gsaeviqnukm,</strong></span> <span class='ocrx_word' id='word_1_150' title='bbox 725 2907 843 2967; x_wconf 70' lang='grc' dir='ltr'><strong>Ναιιῑίος</strong></span> <span class='ocrx_word' id='word_1_151' title='bbox 863 2906 936 2958; x_wconf 83' lang='lat' dir='ltr'><strong>solus</strong></span> <span class='ocrx_word' id='word_1_152' title='bbox 958 2921 1029 2956; x_wconf 84' lang='lat' dir='ltr'><strong>unrrs</strong></span> <span class='ocrx_word' id='word_1_153' title='bbox 1050 2899 1135 2954; x_wconf 85' lang='lat' dir='ltr'><strong>codex</strong></span> <span class='ocrx_word' id='word_1_154' title='bbox 1150 2899 1233 2951; x_wconf 85' lang='lat' dir='ltr'><strong>habet</strong></span> 
     </span>
     <span class='ocr_line' id='line_1_22' title="bbox 182 2973 1234 3062; baseline -0.003 -27"><span class='ocrx_word' id='word_1_155' title='bbox 182 2995 211 3035; x_wconf 77' lang='lat' dir='ltr'><strong>et</strong></span> <span class='ocrx_word' id='word_1_156' title='bbox 221 2984 304 3035; x_wconf 74' lang='lat' dir='ltr'><strong>Tttza</strong></span> <span class='ocrx_word' id='word_1_157' title='bbox 314 2984 532 3056; x_wconf 83' lang='lat' dir='ltr'><strong>approbantibus.</strong></span> <span class='ocrx_word' id='word_1_158' title='bbox 544 3017 581 3029; x_wconf 89' lang='lat'><strong>—-</strong></span> <span class='ocrx_word' id='word_1_159' title='bbox 594 2991 686 3062; x_wconf 78' lang='lat' dir='ltr'><strong>Expu·</strong></span> <span class='ocrx_word' id='word_1_160' title='bbox 727 2987 858 3052; x_wconf 69' lang='lat' dir='ltr'><strong>Maenio,</strong></span> <span class='ocrx_word' id='word_1_161' title='bbox 880 2983 952 3036; x_wconf 91' lang='lat' dir='ltr'><strong>unde</strong></span> <span class='ocrx_word' id='word_1_162' title='bbox 972 2973 1097 3036; x_wconf 70' lang='lat' dir='ltr'><strong>nokerus</strong></span> <span class='ocrx_word' id='word_1_163' title='bbox 1118 2981 1234 3049; x_wconf 84' lang='lat' dir='ltr'><strong>conjecit</strong></span> 
     </span>
     <span class='ocr_line' id='line_1_23' title="bbox 179 3051 1035 3136; baseline 0.009 -24"><span class='ocrx_word' id='word_1_164' title='bbox 179 3061 283 3136; x_wconf 72' lang='lat' dir='ltr'><strong>quovit.</strong></span> <span class='ocrx_word' id='word_1_165' title='bbox 291 3064 390 3115; x_wconf 82' lang='lat' dir='ltr'><strong>Nescio</strong></span> <span class='ocrx_word' id='word_1_166' title='bbox 405 3082 454 3116; x_wconf 85' lang='lat' dir='ltr'><strong>cur</strong></span> <span class='ocrx_word' id='word_1_167' title='bbox 466 3064 635 3119; x_wconf 81' lang='lat' dir='ltr'><strong>hancvocem</strong></span> <span class='ocrx_word' id='word_1_168' title='bbox 645 3051 688 3120; x_wconf 45' lang='lat' dir='ltr'><strong>so&#39;·</strong></span> <span class='ocrx_word' id='word_1_169' title='bbox 727 3061 871 3132; x_wconf 74' lang='lat' dir='ltr'><strong>legendum</strong></span> <span class='ocrx_word' id='word_1_170' title='bbox 881 3065 921 3114; x_wconf 78' lang='lat' dir='ltr'><strong>M·</strong></span> <span class='ocrx_word' id='word_1_171' title='bbox 934 3059 1035 3113; x_wconf 65' lang='grc' dir='ltr'><em>Ληπὶθ·</em></span> 
     </span>
     <span class='ocr_line' id='line_1_24' title="bbox 181 3141 1234 3218; baseline -0.006 -24"><span class='ocrx_word' id='word_1_172' title='bbox 181 3141 525 3209; x_wconf 79' lang='lat' dir='ltr'><strong>licitentcommentatorcs‚</strong></span> <span class='ocrx_word' id='word_1_173' title='bbox 533 3148 622 3217; x_wconf 83' lang='lat' dir='ltr'><strong>inepte</strong></span> <span class='ocrx_word' id='word_1_174' title='bbox 628 3166 689 3218; x_wconf 89' lang='lat' dir='ltr'><strong>pro·</strong></span> <span class='ocrx_word' id='word_1_175' title='bbox 767 3144 807 3195; x_wconf 84' lang='lat'><strong>18.</strong></span> <span class='ocrx_word' id='word_1_176' title='bbox 825 3142 915 3196; x_wconf 77' lang='lat' dir='ltr'><strong>Ventis</strong></span> <span class='ocrx_word' id='word_1_177' title='bbox 928 3141 1054 3214; x_wconf 74' lang='lat' dir='ltr'><strong>semisque</strong></span> <span class='ocrx_word' id='word_1_178' title='bbox 1063 3147 1234 3212; x_wconf 80' lang='lat' dir='ltr'><strong>properatum</strong></span> 
     </span>
     <span class='ocr_line' id='line_1_25' title="bbox 182 3217 1234 3296; baseline -0.004 -24"><span class='ocrx_word' id='word_1_179' title='bbox 182 3233 314 3293; x_wconf 85' lang='lat' dir='ltr'><strong>ponentes</strong></span> <span class='ocrx_word' id='word_1_180' title='bbox 329 3225 485 3296; x_wconf 72' lang='lat' dir='ltr'><strong>repet-pavit.</strong></span> <span class='ocrx_word' id='word_1_181' title='bbox 498 3223 572 3275; x_wconf 83' lang='lat' dir='ltr'><strong>Nihil</strong></span> <span class='ocrx_word' id='word_1_182' title='bbox 582 3237 689 3278; x_wconf 83' lang='lat' dir='ltr'><strong>mutan·</strong></span> <span class='ocrx_word' id='word_1_183' title='bbox 728 3233 772 3274; x_wconf 77' lang='lat' dir='ltr'><strong>cst.</strong></span> <span class='ocrx_word' id='word_1_184' title='bbox 786 3223 837 3274; x_wconf 81' lang='lat' dir='ltr'><strong>Pro</strong></span> <span class='ocrx_word' id='word_1_185' title='bbox 849 3222 922 3273; x_wconf 89' lang='lat' dir='ltr'><strong>omni</strong></span> <span class='ocrx_word' id='word_1_186' title='bbox 935 3231 1034 3273; x_wconf 84' lang='lat' dir='ltr'><strong>conatu</strong></span> <span class='ocrx_word' id='word_1_187' title='bbox 1047 3230 1074 3270; x_wconf 87' lang='lat' dir='ltr'><strong>et</strong></span> <span class='ocrx_word' id='word_1_188' title='bbox 1083 3217 1234 3270; x_wconf 79' lang='lat' dir='ltr'><strong>festinatio-</strong></span> 
     </span>
     <span class='ocr_line' id='line_1_26' title="bbox 183 3298 1234 3371; baseline -0.003 -19"><span class='ocrx_word' id='word_1_189' title='bbox 183 3299 256 3356; x_wconf 87' lang='lat' dir='ltr'><strong>dnm.</strong></span> <span class='ocrx_word' id='word_1_190' title='bbox 270 3304 316 3355; x_wconf 82' lang='lat' dir='ltr'><strong>Hae</strong></span> <span class='ocrx_word' id='word_1_191' title='bbox 329 3317 419 3356; x_wconf 86' lang='lat' dir='ltr'><strong>autem</strong></span> <span class='ocrx_word' id='word_1_192' title='bbox 430 3321 510 3356; x_wconf 83' lang='lat' dir='ltr'><strong>voces</strong></span> <span class='ocrx_word' id='word_1_193' title='bbox 525 3304 590 3357; x_wconf 84' lang='lat' dir='ltr'><strong>adeo</strong></span> <span class='ocrx_word' id='word_1_194' title='bbox 605 3315 687 3371; x_wconf 83' lang='lat' dir='ltr'><strong>terra,</strong></span> <span class='ocrx_word' id='word_1_195' title='bbox 728 3321 770 3356; x_wconf 90' lang='lat' dir='ltr'><strong>ne.</strong></span> <span class='ocrx_word' id='word_1_196' title='bbox 793 3301 867 3356; x_wconf 87' lang='lat' dir='ltr'><strong>ldem</strong></span> <span class='ocrx_word' id='word_1_197' title='bbox 886 3315 940 3369; x_wconf 85' lang='lat' dir='ltr'><strong>est,</strong></span> <span class='ocrx_word' id='word_1_198' title='bbox 958 3303 1037 3353; x_wconf 87' lang='lat' dir='ltr'><strong>remis</strong></span> <span class='ocrx_word' id='word_1_199' title='bbox 1055 3298 1183 3370; x_wconf 82' lang='lat' dir='ltr'><strong>velisque.</strong></span> <span class='ocrx_word' id='word_1_200' title='bbox 1197 3326 1234 3338; x_wconf 92' lang='lat'><em>-</em></span> 
     </span>
     <span class='ocr_line' id='line_1_27' title="bbox 182 3381 1234 3457; baseline -0.002 -26"><span class='ocrx_word' id='word_1_201' title='bbox 182 3381 251 3432; x_wconf 80' lang='lat' dir='ltr'><strong>mari</strong></span> <span class='ocrx_word' id='word_1_202' title='bbox 272 3382 365 3436; x_wconf 72' lang='lat' dir='ltr'><strong>Peiros</strong></span> <span class='ocrx_word' id='word_1_203' title='bbox 386 3383 564 3457; x_wconf 77' lang='lat' dir='ltr'><strong>expupoovit,</strong></span> <span class='ocrx_word' id='word_1_204' title='bbox 587 3383 688 3436; x_wconf 87' lang='lat' dir='ltr'><strong>Gallice</strong></span> <span class='ocrx_word' id='word_1_205' title='bbox 726 3383 830 3456; x_wconf 81' lang='lat' dir='ltr'><strong>Apertr&#39;s</strong></span> <span class='ocrx_word' id='word_1_206' title='bbox 838 3399 914 3454; x_wconf 78' lang='lat' dir='ltr'><strong>pene</strong></span> <span class='ocrx_word' id='word_1_207' title='bbox 923 3381 1013 3454; x_wconf 82' lang='lat' dir='ltr'><strong>portis.</strong></span> <span class='ocrx_word' id='word_1_208' title='bbox 1028 3381 1144 3452; x_wconf 86' lang='lat' dir='ltr'><strong>Nempe,</strong></span> <span class='ocrx_word' id='word_1_209' title='bbox 1160 3391 1190 3430; x_wconf 92' lang='lat' dir='ltr'><strong>ut</strong></span> <span class='ocrx_word' id='word_1_210' title='bbox 1202 3395 1234 3430; x_wconf 79' lang='lat' dir='ltr'><strong>ex</strong></span> 
     </span>
     <span class='ocr_line' id='line_1_28' title="bbox 182 3459 1233 3536; baseline 0 -26"><span class='ocrx_word' id='word_1_211' title='bbox 182 3461 250 3510; x_wconf 81' lang='lat' dir='ltr'><strong>verti</strong></span> <span class='ocrx_word' id='word_1_212' title='bbox 258 3476 388 3532; x_wconf 83' lang='lat' dir='ltr'><strong>possunt:</strong></span> <span class='ocrx_word' id='word_1_213' title='bbox 403 3459 453 3515; x_wconf 77' lang='lat'><strong>«11</strong></span> <span class='ocrx_word' id='word_1_214' title='bbox 460 3481 546 3534; x_wconf 83' lang='lat' dir='ltr'><strong>pressa</strong></span> <span class='ocrx_word' id='word_1_215' title='bbox 557 3462 689 3536; x_wconf 69' lang='lat' dir='ltr'><strong>sifonles</strong></span> <span class='ocrx_word' id='word_1_216' title='bbox 728 3463 798 3534; x_wconf 73' lang='lat' dir='ltr'><strong>agris</strong></span> <span class='ocrx_word' id='word_1_217' title='bbox 816 3465 844 3512; x_wconf 91' lang='lat' dir='ltr'><strong>in</strong></span> <span class='ocrx_word' id='word_1_218' title='bbox 861 3461 955 3515; x_wconf 86' lang='lat' dir='ltr'><strong>urbem</strong></span> <span class='ocrx_word' id='word_1_219' title='bbox 976 3460 1108 3531; x_wconf 75' lang='lat' dir='ltr'><strong>fugientes</strong></span> <span class='ocrx_word' id='word_1_220' title='bbox 1129 3459 1233 3530; x_wconf 87' lang='lat' dir='ltr'><strong>recipe-</strong></span> 
     </span>
     <span class='ocr_line' id='line_1_29' title="bbox 186 3536 827 3612; baseline 0.009 -22"><span class='ocrx_word' id='word_1_221' title='bbox 186 3536 365 3612; x_wconf 64' lang='lat' dir='ltr'><strong>&amp;elegiacis</strong></span> <span class='ocrx_word' id='word_1_222' title='bbox 376 3561 420 3596; x_wconf 76' lang='lat' dir='ltr'><strong>tur</strong></span> <span class='ocrx_word' id='word_1_223' title='bbox 432 3554 497 3598; x_wconf 80' lang='lat' dir='ltr'><strong>terre</strong></span> <span class='ocrx_word' id='word_1_224' title='bbox 507 3553 533 3596; x_wconf 84' lang='lat' dir='ltr'><strong>et</strong></span> <span class='ocrx_word' id='word_1_225' title='bbox 543 3561 588 3596; x_wconf 84' lang='lat' dir='ltr'><strong>sur</strong></span> <span class='ocrx_word' id='word_1_226' title='bbox 598 3561 662 3595; x_wconf 86' lang='lat' dir='ltr'><strong>mer.</strong></span> <span class='ocrx_word' id='word_1_227' title='bbox 673 3565 685 3590; x_wconf 72' lang='lat' dir='ltr'><strong>s</strong></span> <span class='ocrx_word' id='word_1_228' title='bbox 728 3556 827 3596; x_wconf 84' lang='lat' dir='ltr'><strong>rentur.</strong></span> 
     </span>
    </p>

    <p class='ocr_par' dir='ltr' id='par_1_8' title="bbox 184 3621 1236 4336">
     <span class='ocr_line' id='line_1_30' title="bbox 223 3621 1234 3700; baseline 0.001 -30"><span class='ocrx_word' id='word_1_229' title='bbox 223 3635 265 3692; x_wconf 88' lang='lat'><strong>¹7·</strong></span> <span class='ocrx_word' id='word_1_230' title='bbox 289 3621 379 3676; x_wconf 77' lang='lat' dir='ltr'><strong>Mosco</strong></span> <span class='ocrx_word' id='word_1_231' title='bbox 401 3623 483 3678; x_wconf 82' lang='lat' dir='ltr'><strong>Atilio</strong></span> <span class='ocrx_word' id='word_1_232' title='bbox 504 3622 612 3700; x_wconf 70' lang='lat' dir='ltr'><strong>Repulo.</strong></span> <span class='ocrx_word' id='word_1_233' title='bbox 634 3625 688 3693; x_wconf 89' lang='lat' dir='ltr'><strong>Qui</strong></span> <span class='ocrx_word' id='word_1_234' title='bbox 766 3639 806 3694; x_wconf 86' lang='lat'><strong>¹9·</strong></span> <span class='ocrx_word' id='word_1_235' title='bbox 822 3622 928 3698; x_wconf 82' lang='lat' dir='ltr'><strong>Clypea.</strong></span> <span class='ocrx_word' id='word_1_236' title='bbox 947 3622 1033 3676; x_wconf 85' lang='lat' dir='ltr'><strong>Hodie</strong></span> <span class='ocrx_word' id='word_1_237' title='bbox 1052 3621 1180 3693; x_wconf 80' lang='lat' dir='ltr'><strong>Zafaran.</strong></span> <span class='ocrx_word' id='word_1_238' title='bbox 1197 3648 1234 3660; x_wconf 90' lang='lat'><em>-</em></span> 
     </span>
     <span class='ocr_line' id='line_1_31' title="bbox 184 3701 1234 3779; baseline -0.003 -25"><span class='ocrx_word' id='word_1_239' title='bbox 184 3713 250 3754; x_wconf 81' lang='lat' dir='ltr'><strong>tunc</strong></span> <span class='ocrx_word' id='word_1_240' title='bbox 269 3701 364 3754; x_wconf 84' lang='lat' dir='ltr'><strong>consul</strong></span> <span class='ocrx_word' id='word_1_241' title='bbox 379 3715 434 3754; x_wconf 84' lang='lat' dir='ltr'><strong>erat</strong></span> <span class='ocrx_word' id='word_1_242' title='bbox 449 3705 480 3755; x_wconf 87' lang='grc' dir='ltr'><strong>ΙΙ,</strong></span> <span class='ocrx_word' id='word_1_243' title='bbox 494 3733 530 3746; x_wconf 87' lang='grc'>-</span> <span class='ocrx_word' id='word_1_244' title='bbox 539 3707 690 3779; x_wconf 65' lang='lat' dir='ltr'><strong>Navigabat</strong></span> <span class='ocrx_word' id='word_1_245' title='bbox 727 3703 848 3775; x_wconf 81' lang='lat' dir='ltr'><strong>Speculo.</strong></span> <span class='ocrx_word' id='word_1_246' title='bbox 860 3705 910 3756; x_wconf 86' lang='lat' dir='ltr'><strong>Pro</strong></span> <span class='ocrx_word' id='word_1_247' title='bbox 919 3703 981 3756; x_wconf 87' lang='lat' dir='ltr'><strong>loeo</strong></span> <span class='ocrx_word' id='word_1_248' title='bbox 992 3702 1075 3768; x_wconf 84' lang='lat' dir='ltr'><strong>edito,</strong></span> <span class='ocrx_word' id='word_1_249' title='bbox 1086 3719 1162 3774; x_wconf 89' lang='lat' dir='ltr'><strong>equo</strong></span> <span class='ocrx_word' id='word_1_250' title='bbox 1172 3718 1234 3772; x_wconf 87' lang='lat' dir='ltr'><strong>pro-</strong></span> 
     </span>
     <span class='ocr_line' id='line_1_32' title="bbox 186 3781 1234 3859; baseline -0.002 -23"><span class='ocrx_word' id='word_1_251' title='bbox 186 3781 293 3838; x_wconf 78' lang='lat' dir='ltr'><strong>dellum.</strong></span> <span class='ocrx_word' id='word_1_252' title='bbox 301 3782 403 3836; x_wconf 82' lang='lat' dir='ltr'><strong>Eodem</strong></span> <span class='ocrx_word' id='word_1_253' title='bbox 412 3785 468 3836; x_wconf 83' lang='lat' dir='ltr'><strong>fere</strong></span> <span class='ocrx_word' id='word_1_254' title='bbox 477 3785 557 3838; x_wconf 88' lang='lat' dir='ltr'><strong>modo</strong></span> <span class='ocrx_word' id='word_1_255' title='bbox 567 3787 633 3840; x_wconf 84' lang='lat' dir='ltr'><strong>Plin.</strong></span> <span class='ocrx_word' id='word_1_256' title='bbox 640 3791 688 3841; x_wconf 83' lang='lat' dir='ltr'><strong>Pn-</strong></span> <span class='ocrx_word' id='word_1_257' title='bbox 728 3789 841 3859; x_wconf 84' lang='lat' dir='ltr'><strong>spectari</strong></span> <span class='ocrx_word' id='word_1_258' title='bbox 852 3798 968 3857; x_wconf 78' lang='lat' dir='ltr'><strong>potsunt</strong></span> <span class='ocrx_word' id='word_1_259' title='bbox 979 3785 1069 3837; x_wconf 84' lang='lat' dir='ltr'><strong>omnia</strong></span> <span class='ocrx_word' id='word_1_260' title='bbox 1081 3783 1234 3852; x_wconf 81' lang='lat' dir='ltr'><strong>circumjec-</strong></span> 
     </span>
     <span class='ocr_line' id='line_1_33' title="bbox 186 3860 1234 3936; baseline -0.002 -22"><span class='ocrx_word' id='word_1_261' title='bbox 186 3877 277 3936; x_wconf 72' lang='lat' dir='ltr'><strong>negyr.</strong></span> <span class='ocrx_word' id='word_1_262' title='bbox 297 3877 346 3915; x_wconf 82' lang='lat' dir='ltr'><strong>tn:</strong></span> <span class='ocrx_word' id='word_1_263' title='bbox 366 3863 477 3930; x_wconf 76' lang='lat' dir='ltr'><strong>«Quum</strong></span> <span class='ocrx_word' id='word_1_264' title='bbox 494 3865 631 3918; x_wconf 85' lang='lat' dir='ltr'><strong>Danubius</strong></span> <span class='ocrx_word' id='word_1_265' title='bbox 652 3869 689 3918; x_wconf 85' lang='lat' dir='ltr'><strong>ri-</strong></span> <span class='ocrx_word' id='word_1_266' title='bbox 729 3879 772 3933; x_wconf 70' lang='grc' dir='ltr'><strong>ια,</strong></span> <span class='ocrx_word' id='word_1_267' title='bbox 789 3880 820 3919; x_wconf 90' lang='lat' dir='ltr'><strong>ut</strong></span> <span class='ocrx_word' id='word_1_268' title='bbox 834 3865 941 3918; x_wconf 83' lang='lat' dir='ltr'><strong>obvium</strong></span> <span class='ocrx_word' id='word_1_269' title='bbox 960 3883 1029 3935; x_wconf 76' lang='lat' dir='ltr'><strong>sscpe</strong></span> <span class='ocrx_word' id='word_1_270' title='bbox 1043 3861 1116 3935; x_wconf 86' lang='lat' dir='ltr'><strong>apud</strong></span> <span class='ocrx_word' id='word_1_271' title='bbox 1126 3860 1234 3913; x_wconf 84' lang='lat' dir='ltr'><strong>Florum</strong></span> 
     </span>
     <span class='ocr_line' id='line_1_34' title="bbox 189 3939 1235 4015; baseline 0.002 -23"><span class='ocrx_word' id='word_1_272' title='bbox 189 3962 202 3988; x_wconf 75' lang='grc' dir='ltr'><strong>α</strong></span> <span class='ocrx_word' id='word_1_273' title='bbox 211 3959 261 4015; x_wconf 80' lang='lat' dir='ltr'><strong>pat</strong></span> <span class='ocrx_word' id='word_1_274' title='bbox 270 3941 331 4012; x_wconf 74' lang='lat' dir='ltr'><strong>gelu</strong></span> <span class='ocrx_word' id='word_1_275' title='bbox 343 3943 448 4014; x_wconf 78' lang='lat' dir='ltr'><strong>jungit,</strong></span> <span class='ocrx_word' id='word_1_276' title='bbox 460 3941 624 4015; x_wconf 80' lang='lat' dir='ltr'><strong>duratusque</strong></span> <span class='ocrx_word' id='word_1_277' title='bbox 634 3944 691 4013; x_wconf 72' lang='lat' dir='ltr'><strong>gla-</strong></span> <span class='ocrx_word' id='word_1_278' title='bbox 730 3956 757 3997; x_wconf 85' lang='lat' dir='ltr'><strong>et</strong></span> <span class='ocrx_word' id='word_1_279' title='bbox 765 3943 1035 3996; x_wconf 69' lang='lat' dir='ltr'><strong>alios-Procurrr&#39;t.</strong></span> <span class='ocrx_word' id='word_1_280' title='bbox 1047 3942 1089 3994; x_wconf 85' lang='lat' dir='ltr'><strong>Sic</strong></span> <span class='ocrx_word' id='word_1_281' title='bbox 1098 3939 1235 4010; x_wconf 69' lang='lat' dir='ltr'><strong>Virgilius,</strong></span> 
     </span>
     <span class='ocr_line' id='line_1_35' title="bbox 190 4019 1236 4094; baseline 0.001 -24"><span class='ocrx_word' id='word_1_282' title='bbox 190 4023 269 4087; x_wconf 71' lang='lat' dir='ltr'><strong>scie,</strong></span> <span class='ocrx_word' id='word_1_283' title='bbox 287 4023 405 4094; x_wconf 68' lang='lat' dir='ltr'><strong>ingentia</strong></span> <span class='ocrx_word' id='word_1_284' title='bbox 422 4033 497 4092; x_wconf 71' lang='lat' dir='ltr'><strong>tergo</strong></span> <span class='ocrx_word' id='word_1_285' title='bbox 516 4019 588 4074; x_wconf 88' lang='lat' dir='ltr'><strong>bella</strong></span> <span class='ocrx_word' id='word_1_286' title='bbox 604 4035 692 4074; x_wconf 73' lang='lat' dir='ltr'><strong>mans·</strong></span> <span class='ocrx_word' id='word_1_287' title='bbox 731 4025 831 4086; x_wconf 65' lang='grc' dir='ltr'><strong>ΕΜ,</strong></span> <span class='ocrx_word' id='word_1_288' title='bbox 846 4023 913 4088; x_wconf 73' lang='lat'><strong>204:</strong></span> <span class='ocrx_word' id='word_1_289' title='bbox 931 4019 1042 4072; x_wconf 78' lang='lat' dir='ltr'><strong>·infelix</strong></span> <span class='ocrx_word' id='word_1_290' title='bbox 1055 4020 1122 4071; x_wconf 82' lang='lat' dir='ltr'><strong>saxis</strong></span> <span class='ocrx_word' id='word_1_291' title='bbox 1137 4021 1163 4072; x_wconf 93' lang='lat' dir='ltr'><strong>in</strong></span> <span class='ocrx_word' id='word_1_292' title='bbox 1175 4038 1236 4092; x_wconf 91' lang='lat' dir='ltr'><strong>pro·</strong></span> 
     </span>
     <span class='ocr_line' id='line_1_36' title="bbox 190 4097 1041 4174; baseline -0.008 -20"><span class='ocrx_word' id='word_1_293' title='bbox 190 4113 310 4174; x_wconf 71' lang='lat' dir='ltr'><strong>sportas.</strong></span> <span class='ocrx_word' id='word_1_294' title='bbox 321 4123 334 4148; x_wconf 74' lang='grc' dir='ltr'><strong>ι</strong></span> <span class='ocrx_word' id='word_1_295' title='bbox 342 4101 482 4153; x_wconf 83' lang='lat' dir='ltr'><strong>-Pum&#39;er&#39;</strong></span> <span class='ocrx_word' id='word_1_296' title='bbox 489 4102 568 4154; x_wconf 82' lang='lat' dir='ltr'><strong>moris</strong></span> <span class='ocrx_word' id='word_1_297' title='bbox 576 4102 691 4155; x_wconf 79' lang='lat' dir='ltr'><strong>nornine.</strong></span> <span class='ocrx_word' id='word_1_298' title='bbox 736 4123 747 4146; x_wconf 82' lang='lat' dir='ltr'><strong>u</strong></span> <span class='ocrx_word' id='word_1_299' title='bbox 758 4099 924 4152; x_wconf 85' lang='lat' dir='ltr'><strong>currentibus</strong></span> <span class='ocrx_word' id='word_1_300' title='bbox 936 4097 1018 4152; x_wconf 72' lang='lat' dir='ltr'><strong>hesit.</strong></span> <span class='ocrx_word' id='word_1_301' title='bbox 1030 4122 1041 4147; x_wconf 78' lang='grc' dir='ltr'><strong>ιι</strong></span> 
     </span>
     <span class='ocr_line' id='line_1_37' title="bbox 188 4179 1234 4255; baseline -0.006 -22"><span class='ocrx_word' id='word_1_302' title='bbox 188 4181 270 4250; x_wconf 89' lang='lat' dir='ltr'><strong>Quod</strong></span> <span class='ocrx_word' id='word_1_303' title='bbox 281 4179 459 4253; x_wconf 85' lang='lat' dir='ltr'><strong>periculosum</strong></span> <span class='ocrx_word' id='word_1_304' title='bbox 473 4193 583 4254; x_wconf 86' lang='lat' dir='ltr'><strong>propter</strong></span> <span class='ocrx_word' id='word_1_305' title='bbox 596 4181 692 4254; x_wconf 77' lang='lat' dir='ltr'><strong>Syrtes.</strong></span> <span class='ocrx_word' id='word_1_306' title='bbox 771 4197 812 4234; x_wconf 84' lang='lat' dir='ltr'><strong>ao.</strong></span> <span class='ocrx_word' id='word_1_307' title='bbox 828 4181 905 4234; x_wconf 73' lang='lat' dir='ltr'><strong>Mire</strong></span> <span class='ocrx_word' id='word_1_308' title='bbox 923 4179 1108 4255; x_wconf 79' lang='lat' dir='ltr'><strong>moqnitudr’nis</strong></span> <span class='ocrx_word' id='word_1_309' title='bbox 1125 4195 1234 4248; x_wconf 76' lang='lat' dir='ltr'><strong>serpeus.</strong></span> 
     </span>
     <span class='ocr_line' id='line_1_38' title="bbox 191 4258 1236 4336; baseline -0.004 -22"><span class='ocrx_word' id='word_1_310' title='bbox 191 4288 226 4302; x_wconf 88' lang='lat'>-</span> <span class='ocrx_word' id='word_1_311' title='bbox 238 4262 357 4314; x_wconf 74' lang='lat' dir='ltr'><strong>Montio.</strong></span> <span class='ocrx_word' id='word_1_312' title='bbox 373 4262 474 4314; x_wconf 84' lang='lat' dir='ltr'><strong>Incerta</strong></span> <span class='ocrx_word' id='word_1_313' title='bbox 487 4260 566 4332; x_wconf 80' lang='lat' dir='ltr'><strong>liujus</strong></span> <span class='ocrx_word' id='word_1_314' title='bbox 580 4262 692 4314; x_wconf 88' lang='lat' dir='ltr'><strong>nominis</strong></span> <span class='ocrx_word' id='word_1_315' title='bbox 733 4261 773 4316; x_wconf 86' lang='lat' dir='ltr'><strong>De</strong></span> <span class='ocrx_word' id='word_1_316' title='bbox 786 4283 837 4336; x_wconf 77' lang='lat' dir='ltr'><strong>(psa</strong></span> <span class='ocrx_word' id='word_1_317' title='bbox 850 4263 933 4333; x_wconf 74' lang='lat' dir='ltr'><strong>rigoli.</strong></span> <span class='ocrx_word' id='word_1_318' title='bbox 946 4263 996 4326; x_wconf 78' lang='lat' dir='ltr'><strong>vl,</strong></span> <span class='ocrx_word' id='word_1_319' title='bbox 1011 4263 1042 4326; x_wconf 79' lang='lat'><strong>33</strong></span> <span class='ocrx_word' id='word_1_320' title='bbox 1055 4262 1112 4314; x_wconf 86' lang='lat' dir='ltr'><strong>Val.</strong></span> <span class='ocrx_word' id='word_1_321' title='bbox 1126 4261 1194 4311; x_wconf 81' lang='lat' dir='ltr'><strong>Max.</strong></span> <span class='ocrx_word' id='word_1_322' title='bbox 1209 4258 1236 4318; x_wconf 78' lang='grc' dir='ltr'><strong>Ι1</strong></span> 
     </span>
    </p>
   </div>
   <div class='ocr_carea' id='block_1_7' title="bbox 0 0 1594 4938">
    <p class='ocr_par' dir='ltr' id='par_1_9' title="bbox 0 0 1594 4938">
     <span class='ocr_line' id='line_1_39' title="bbox 0 0 1594 4938; baseline 0 0"><span class='ocrx_word' id='word_1_323' title='bbox 0 0 1594 4938; x_wconf 95' lang='lat' dir='ltr'><strong> </strong></span> 
     </span>
    </p>
   </div>
  </div>
 </body>
</html>
