3156 4950
567 461 710 526 LIBER
734 459 957 526 TERTIUS.
1224 461 1287 540 243

244 727 1289 758 ”mustmmmmmmmmfflmmmm

710 934 814 1011 Xll.

494 1199 1037 1274 ANAGEPHALAE0818*.

291 1445 378 1515 Haec
389 1458 440 1516 est
454 1441 632 1515 illatertia
643 1455 725 1512 aetas
738 1437 864 1537 populi
877 1442 1030 1512 Romani
1042 1442 1291 1530 transmarina,
1312 1467 1322 1503 ι

243 1581 331 1655 qua,
343 1553 445 1628 ltalia
453 1551 624 1655 progredi
635 1578 753 1644 ausus,
767 1551 854 1625 orbe
865 1569 943 1626 toto
955 1577 1055 1625 arma
1065 1551 1291 1626 circumtulit.

243 1672 353 1771 Cujus
367 1677 477 1745 aetatis
491 1675 689 1771 superiores
705 1683 848 1742 eentum
859 1673 1083 1761 amsancti,
1100 1673 1171 1769 pii,
1186 1686 1239 1762 et,
1252 1687 1294 1743 ut
1311 1697 1325 1732 ²

245 1787 412 1878 diximus,
427 1793 539 1878 aurei,
555 1791 629 1859 sine
641 1785 792 1885 flagitio,
802 1789 876 1858 sine
890 1784 1041 1877 scelere,
1058 1785 1146 1858 dum
1157 1790 1294 1859 sincera

244 1901 362 1976 adhuc
377 1919 413 1975 et
424 1906 566 1976 innoxia
575 1903 740 2002 pastoriae
753 1897 845 1972 illius
859 1917 963 1974 sectae
978 1905 1175 2002 integritas3
1190 1900 1295 1973 dum-

244 2044 314 2118 que
334 2021 527 2090 Poenorum
550 2015 706 2091 hostium
723 2019 910 2090 imminens
933 2032 1049 2090 metus
1070 2015 1294 2116 disciplinam
1379 2103 1386 2120 Ι

243 2148 402 2205 veterem
416 2131 632 2205 continebat.
648 2134 821 2204 Postremi
838 2146 999 2221 centum,
1016 2156 1106 2231 quos
1116 2156 1137 2202 a
1148 2129 1294 2204 Cartha·
1313 2141 1329 2192 3

244 2253 353 2349 ginis,
366 2247 548 2339 Corinthi,
560 2249 829 2348 Numantiaeque
847 2245 1009 2339 excidiis,
1027 2263 1062 2321 et
1076 2245 1187 2320 Attali
1201 2251 1294 2348 regis

244 2362 399 2436 Asiatica
421 2361 619 2436 hereditate
643 2360 852 2435 deduximus
874 2367 912 2434 in
936 2361 1112 2436 Caesarem
1134 2378 1170 2436 et
1188 2365 1296 2436 Pom·

246 2481 385 2577 peium‚
398 2495 630 2578 secutumque
643 2475 726 2571 hos,
741 2478 871 2578 dequo
886 2477 1062 2570 dicemus,
1078 2482 1294 2578 Augustum,

244 2610 285 2666 ut
301 2593 461 2668 claritate
475 2621 596 2667 rernm
615 2593 825 2668 bellicarum
839 2594 1038 2694 magnifici,
1057 2599 1107 2668 ita
1122 2594 1294 2668 domesti-

246 2713 295 2781 cis
308 2707 467 2783 cladibus
481 2713 601 2840 miseri
622 2725 657 2784 et
673 2709 917 2785 erubescendi.
935 2703 1082 2811 Quippe
1096 2715 1187 2784 sicut
1204 2708 1293 2783 Gal·
1312 2714 1330 2780 l

281 2911 291 2933 ⁶
302 2909 362 2963 Car.
373 2912 674 2968 X11.Auaearamnoera.
685 2917 749 2967 Prae·
790 2916 891 2968 seilicet
900 2915 939 2967 illi
950 2933 1035 2968 auree
1048 2916 1130 2967 etada
1142 2915 1223 2967 vitam
1234 2933 1295 2986 pas-

245 3001 360 3040 verterot
369 2988 464 3041 Florus
474 3003 536 3044 ante
545 2990 715 3044 historiarum
724 3006 751 3045 et
790 2993 1295 3066 toriam‚admoduminnoxiamseqne·

247 3081 397 3140 temporum
421 3067 560 3138 ordinem,
586 3074 661 3142 cujus
685 3073 751 3124 faeti
774 3069 947 3126 'nantun—
961 3072 1228 3126 Poenonunlsestium
1245 3074 1295 3126 im-

247 3163 340 3201 eaueaa
358 3165 440 3220 snpra
457 3150 497 3216 11,
512 3166 560 3219 19,
573 3151 605 3218 5,
621 3161 647 3203 et
658 3153 686 3203 in
701 3149 752 3204 hee
792 3155 895 3207 minem
902 3165 1012 3206 metus...
1025 3153 1179 3207 continebat.
1188 3153 1294 3208 Sallust.

247 3229 457 3302 anacephalaeosi
474 3233 606 3284 rationem
621 3234 752 3304 assignat,
791 3232 913 3305 Jnffnrth.
926 3234 999 3286 xus
1014 3245 1098 3286 nante
1109 3231 1295 3303 Carthaginem

248 3325 278 3364 ut
289 3313 390 3366 seilicet
401 3311 451 3366 hus
463 3313 558 3385 populi
571 3315 751 3367 Romeniom-
793 3313 929 3368 «deletam
947 3327 1034 3368 metus
1052 3313 1155 3367 hostilis
1172 3313 1295 3368 inbonis

247 3409 295 3444 nes
305 3405 391 3446 motus
401 3392 563 3448 domesticos
568 3407 706 3468 separatos
716 3395 750 3447 ab
793 3417 804 3442 ι
814 3394 916 3446 artibus
930 3395 1063 3447 civitaten
1075 3392 1215 3446 retinebat.
1226 3417 1238 3442 ι

248 3472 360 3525 externis
369 3473 502 3546 justisque
517 3473 594 3528 bellis
610 3494 642 3527 ex
658 3475 750 3528 ordine
825 3475 852 3541 4.
873 3473 976 3544 Quippe
990 3473 1058 3527 sieut
1072 3484 1122 3525 eto.
1139 3473 1207 3526 Nem
1225 3473 1295 3528 sicut

247 3564 434 3624 prosequatur.
453 3554 578 3607 &retinet
599 3554 652 3608 hoe
669 3569 751 3627 caput
790 3550 1295 3624 honestumatqneglorioeumesteom·

189 3655 192 3668 ·
247 3629 438 3702 compendiose
447 3635 581 3686 materiam
595 3638 752 3707 rrcapitum
790 3650 898 3705 parasse
914 3631 1042 3699 Galliam,
1059 3631 1215 3698 Thraciam,
1232 3631 1295 3685 Gili-

247 3710 399 3764 immadiate
423 3711 643 3784 precedentium,
667 3728 694 3768 et
719 3715 750 3768 13
790 3714 877 3779 ciam,
901 3710 1099 3784 Cappadociam
1121 3712 1294 3764 smaeissimee

248 3789 750 3862 immediateseqnentinm.Plurcethia
789 3789 999 3860 fortissimusque
1019 3789 1181 3861 provinciam
1204 3791 1297 3842 Arme·

249 3887 308 3942 qam
324 3868 378 3922 hee
397 3870 486 3943 eapite
505 3872 676 3922 eontinentur
693 3869 751 3942 lege
792 3871 847 3923 nios
860 3887 968 3941 quoqne
977 3882 1004 3921 et
1013 3870 1156 3922 Britannos
1162 3869 1295 3924 domuisse

249 3948 322 4020 apud
335 3947 425 4004 divum
435 3949 548 4022 August.
557 3949 633 4003 OEvit.
645 3951 696 4014 111,
710 3950 751 4004 26.
794 3950 841 4021 qui
850 3948 913 4000 lieet
922 3964 978 4000 non
987 3946 1022 4000 ed
1030 3949 1148 4002 fructum
1155 3967 1295 4022 compan-

248 4027 362 4082 Canae.
793 4031 828 4094 ti,
844 4042 933 4081 tamen
948 4043 1045 4099 magna
1063 4031 1170 4084 nomina
1186 4047 1248 4084 eunt
1262 4031 1297 4084 od

286 4124 310 4160 a.
329 4109 418 4162 Sectoe.
429 4106 517 4179 Vulgo
530 4119 603 4160 secta
614 4125 664 4178 pro
677 4108 753 4158 ratio·
792 4110 956 4179 majestatem
977 4109 1079 4182 imperii
1100 4109 1297 4183 ampliandam,

252 4203 284 4238 ae
292 4200 319 4240 et
327 4183 448 4243 instituto
458 4189 517 4240 vitae
526 4185 633 4253 dicitnr,
641 4187 753 4240 Romani
792 4189 842 4256 ite,
855 4199 904 4241 etc.

1130 4280 1170 4333 16.
