3108 4956
526 560 671 624 ernau
694 559 933 643 Quantus.
1190 563 1249 632 33,

202 682 291 757 illud
307 681 487 756 observari
500 687 620 782 coepit.
635 685 770 757 Natura
783 687 937 784 regionis
951 686 1046 758 circa
1062 690 1177 759 omnis
1191 712 1254 760 au-

202 801 328 892 rifera,
348 805 519 902 miniique
538 817 574 874 et
593 799 843 901 chrysocollae,
866 817 901 874 et
917 798 1069 875 aliorum
1087 802 1251 878 colorum

201 917 319 994 ferax:
337 923 457 1019 itaque
476 921 632 992 exerceri
648 918 764 991 solum
780 919 893 1018 jussit.
916 918 972 990 Sic
991 921 1133 992 Astures
1149 935 1185 993 et
1200 919 1253 993 la·
1282 925 1287 932 '

201 1051 314 1108 tentes
327 1039 365 1108 in
379 1033 561 1134 profundo
579 1061 667 1134 opes
683 1061 761 1108 snas
778 1052 885 1135 atque
902 1033 1059 1126 divitias,
1074 1035 1161 1109 dum
1175 1034 1252 1110 aliis

204 1165 384 1248 quaeruut,
398 1175 500 1222 nosse
518 1164 715 1248 coeperunt.

250 1265 428 1344 Omnibus
440 1265 487 1340 ad
495 1267 675 1342 occasum
687 1282 723 1338 et
735 1263 926 1339 Meridiem
935 1270 1068 1367 pacatis
1078 1267 1251 1367 gentihus,
1270 1297 1301 1352 e,

203 1377 250 1455 ad
262 1383 561 1479 septemtrionem
570 1405 730 1481 quoqne,
742 1379 913 1454 duntaxat
924 1384 1017 1454 intra
1026 1379 1191 1455 Rhenum
1207 1398 1254 1454 at·

203 1524 273 1597 que
284 1493 508 1588 Danubium,
521 1499 608 1569 item
624 1496 671 1570 ad
684 1496 979 1570 Orientemintra
991 1499 1174 1594 Cyrum'et
1186 1499 1255 1568 Eu·

203 1610 390 1711 phratem,
416 1612 466 1690 illi
493 1638 637 1712 quoque
662 1611 809 1714 reliqui,
833 1618 894 1713 qui
917 1618 1091 1688 immunes
1112 1615 1255 1722 imperii

205 1742 323 1817 erant,
339 1725 537 1799 sentiebant
555 1741 676 1799 tamen
698 1726 998 1824 magnitudinem,
1023 1743 1058 1799 et
1079 1730 1254 1800 victorem
1272 1737 1307 1792 62

184 1845 362 1938 ¹gentium
384 1839 560 1941 populum
582 1845 784 1914 Romanum
808 1839 1074 1914 reverebantur.
1103 1842 1197 1912 Nam
1219 1856 1255 1914 et

204 1953 343 2054 Scythae
358 1961 485 2030 misere
496 1955 649 2056 legatos,
665 1974 700 2030 et
713 1959 900 2048 Sarmatae,
915 1961 1109 2030 amicitiam
1125 1972 1254 2056 peten-

202 2085 265 2144 tes.
277 2071 376 2144 Seres
389 2076 510 2164 etiam,
523 2069 796 2173 habitantesque
808 2071 872 2146 suh
885 2076 964 2172 ipso
977 2069 1050 2144 sole
1061 2070 1157 2162 lndi,
1172 2097 1255 2143 eum

203 2192 357 2286 gemmis
366 2204 401 2260 et
410 2192 624 2287 margaritis,
636 2185 842 2286 elephantes
852 2211 996 2287 quoque
1005 2191 1098 2259 inter
1106 2211 1257 2258 munera

203 2302 401 2392 trahentes,
416 2302 504 2376 nihil
518 2307 648 2403 magis,
670 2329 779 2403 quam
796 2302 1095 2402 longinquitatem
1110 2305 1177 2375 viae
1191 2305 1257 2372 im·

204 2418 397 2518 putabant,
422 2445 530 2526 quam
549 2417 784 2517 quadriennio
805 2416 1059 2521 impleverant;
1081 2432 1117 2490 et
1136 2433 1256 2492 tamen
1273 2443 1310 2497 63

204 2541 280 2635 ipse
290 2534 477 2609 bominum
488 2535 589 2609 color
601 2534 646 2609 ab
659 2534 729 2610 alio
741 2539 862 2609 venire
875 2533 961 2608 caelo
973 2533 1163 2608 fatebatur.
1176 2537 1256 2606 Par-

107 2693 109 2698 ·
188 2649 256 2756 'ahi
267 2678 427 2752 quoque,
437 2657 537 2751 quasi
546 2654 704 2724 victoriae
716 2654 922 2749 poeniteret,
933 2667 1037 2749 rapta
1046 2648 1148 2721 clade
1161 2649 1257 2720 Cras·
1273 2674 1309 2743 64

205 2773 302 2842 siano
315 2768 409 2841 ultro
424 2773 522 2868 signa
537 2767 700 2842 retulere.
718 2769 773 2840 Sic
787 2765 923 2868 ubique
939 2792 1010 2839 una
1023 2781 1130 2865 atque
1145 2768 1257 2837 conti-

205 2909 276 2956 nna
295 2889 404 2956 totius
426 2887 563 2983 generis
583 2883 730 2963 humaui
751 2897 813 2955 aut
832 2909 903 2986 pax
926 2881 1013 2972 fuit,
1034 2896 1096 2952 aut
1114 2884 1254 2978 pactio:
1313 2871 1319 2888 ’

206 3086 333 3139 observari
343 3089 427 3158 caepit.
440 3088 499 3139 Hoc
512 3088 540 3139 in
555 3085 616 3139 loco
631 3090 712 3141 corri-
751 3084 864 3152 sterilia,
875 3103 906 3138 ao
917 3088 973 3138 sine
983 3085 1073 3136 fructu
1083 3098 1204 3135 essenon
1215 3097 1259 3152 pa-

205 3168 308 3240 qendo,
322 3181 416 3240 utpote
427 3182 570 3241 corrupto,
582 3167 713 3221 exsudent
752 3169 840 3220 timnr.
851 3165 941 3238 virgil.
950 3166 1047 3236 Georq.
1057 3165 1085 3229 1,
1095 3178 1144 3232 99:
1161 3159 1259 3212 tExer·

207 3266 300 3302 omnes
319 3259 552 3302 commentatores.
571 3247 606 3299 At
624 3245 713 3320 placet
755 3258 873 3317 «eatque
896 3246 1021 3317 frequens
1044 3239 1195 3294 tellurem·
1225 3239 1259 3290 Et

205 3329 300 3382 melius
317 3327 439 3400 vulgata,
456 3346 537 3400 quam
553 3346 645 3381 omues
664 3345 711 3402 eq-
751 3323 854 3377 AEneid.
867 3325 917 3389 Xl,
934 3322 1003 3376 318:
1024 3321 1077 3372 -Et
1089 3336 1196 3371 vomere
1207 3313 1258 3368 du-

206 3429 265 3462 rum
278 3411 466 3462 correctiones.
483 3410 601 3480 Nempe,
617 3406 711 3460 obser·
755 3422 820 3456 tros
837 3415 959 3456 exercent
976 3400 1068 3454 colles.
1079 3423 1091 3447 s
1110 3397 1257 3462 luminii,

206 3488 711 3562 varicoepit(animadvertendumluit),
753 3500 784 3535 a:
805 3483 919 3552 sNeqno
936 3480 1006 3534 enim
1024 3496 1114 3550 agrum
1134 3487 1258 3528 exercent

206 3571 273 3624 illud
292 3588 348 3624 esse
367 3572 480 3640 ingentis
499 3569 603 3623 consilii
622 3567 710 3642 (opti-
754 3561 912 3636 &etthan
940 3574 967 3615 et
988 3560 1084 3625 XLlll,
1106 3557 1141 3610 3:
1168 3553 1259 3608 sl’ho·

206 3669 279 3702 mum
300 3667 357 3702 esse
373 3649 438 3709 illud
456 3649 621 3720 consilium).
642 3649 710 3700 Nam
754 3661 889 3696 -eaeenses
908 3640 1052 3694 studiosius
1070 3656 1158 3703 mare,
1178 3655 1259 3709 qnam

205 3743 302 3783 natura
317 3731 448 3800 regionis,
460 3743 510 3782 eto.
527 3759 564 3772 -
576 3729 620 3782 Et.
639 3727 711 3797 Quid
754 3744 765 3767 ¹
776 3735 861 3774 terras
874 3738 1025 3774 exercuere.
1037 3741 1048 3768 s
1259 3767 1267 3786 ⁸

206 3809 331 3863 hocloco
344 3809 394 3864 sihi
407 3809 462 3862 vult
474 3808 505 3867 rs*
518 3812 562 3864 et?
573 3809 710 3880 Abjicien-
786 3803 829 3855 62.
840 3800 920 3856 Nihil
928 3801 1011 3874 moqis
1019 3817 1101 3872 quam
1111 3796 1260 3869 lonfinqni

207 3889 271 3943 dum
286 3907 420 3963 putamus.
434 3919 470 3930 -
483 3888 711 3942 Exercerisolum.
752 3892 832 3934 tatem
854 3881 903 3934 vioe
927 3879 1101 3952 imputabant.
1125 3873 1205 3928 Nulla
1229 3893 1258 3927 re
1286 3938 1288 3946 ἲ

207 3970 298 4025 Enodi
317 3969 350 4022 od
369 3967 519 4041 colligenda
537 3965 651 4019 metalla.
671 3965 714 4017 ta-
754 3964 837 4032 magis
847 3959 981 4026 dicebant,
992 3975 1020 4011 se
1028 3953 1169 4009 ostendere
1179 3973 1259 4027 possa

207 4053 264 4105 vius
278 4051 356 4117 XLV,
377 4068 424 4122 29,
442 4047 563 4120 placere,
586 4043 713 4097 smetalla
754 4041 951 4094 venerationem
974 4057 1049 4093 suam
1070 4056 1133 4111 erga
1154 4038 1260 4108 Augus·

211 4154 223 4178 s
233 4133 291 4185 auri
301 4143 327 4184 et
337 4131 440 4201 argenti
448 4147 503 4181 nou
513 4127 642 4192 exerceri,
652 4125 715 4178 ferri
756 4134 826 4188 tum,
837 4139 917 4194 quam
926 4119 998 4194 qnod
1007 4131 1112 4174 tantum
1119 4122 1169 4172 iter
1176 4119 1259 4192 ipsius

209 4222 237 4262 et
251 4211 309 4264 seris
324 4209 450 4283 permitti.
470 4209 539 4260 Nam
551 4204 663 4262 exemeri
673 4202 715 4262 di-
755 4218 850 4254 causse
867 4201 1052 4274 suscepissent.
1068 4228 1103 4242 -u
1112 4199 1150 4253 Et
1162 4210 1258 4253 tmen.

211 4301 307 4342 eantur
324 4306 355 4342 ea
372 4305 431 4362 quse
449 4287 537 4341 otiosa
556 4297 635 4356 atque
653 4281 715 4338 inde
755 4283 788 4336 Et
803 4279 922 4356 quidem.
