3026 4956
315 547 380 616 366
654 547 793 614 LUCII
817 545 1023 613 AMPELII

299 759 301 768 A
317 701 361 746 ex
380 669 608 746 similitudine
624 669 749 744 formae
765 667 922 772 Philippi
936 669 1051 744 filium
1068 696 1105 744 se
1123 675 1366 771 persuasisset,

317 807 355 864 et
369 789 585 864 Macedonas
598 793 637 862 in
652 787 788 863 bellurn
803 793 1001 880 excitasset,
1016 793 1110 865 inter
1122 793 1223 862 initia
1233 790 1369 864 tumul·

316 924 372 980 tus
395 903 688 1006 comprehensus,
709 903 774 978 sub
796 903 958 978 custodia
977 909 1100 978 missus
1121 923 1173 980 est
1194 908 1365 996 Romam,

317 1021 381 1096 ubi
392 1049 503 1122 quum
517 1045 560 1096 ex
573 1020 734 1094 custodia
745 1019 951 1121 aufugisset,
968 1024 1146 1094 concitata
1157 1047 1276 1094 rursus
1289 1023 1365 1093 Ma-

317 1137 484 1225 cedonia,
507 1134 698 1210 Thraciam
715 1133 810 1210 bello
829 1139 975 1234 recepit
996 1137 1037 1208 ln
1053 1161 1134 1210 arce
1149 1140 1251 1236 regni
1268 1133 1367 1235 palu-

318 1252 421 1329 datus
429 1255 485 1353 jus
498 1251 605 1326 dixit:
622 1279 707 1326 mox
717 1252 760 1326 ⁸a
774 1255 868 1328 Caeci
882 1253 956 1328 filio
970 1252 1117 1328 Metello
1131 1257 1266 1356 ingenti
1278 1279 1366 1354 prae·

314 1368 365 1442 lio
384 1375 512 1461 victus,
532 1397 644 1470 quum
661 1368 876 1471 profugisset
896 1375 933 1444 in
950 1370 1157 1463 Thraciam,
1181 1397 1202 1444 a
1222 1370 1366 1472 regibus

316 1481 472 1574 deditus,
487 1499 524 1558 et
537 1489 575 1557 in
585 1484 812 1584 ‚triumphum
827 1485 1048 1585 deportatus.

589 1707 1368 1730 mmmmmmmmm

765 1859 920 1935 xv11.
972 1873 975 1886 ·

396 2029 579 2144 'sacas
603 2025 874 2143 araucas
901 2034 1275 2148 nouauoauu.

365 2274 552 2366 Romulus,
580 2279 642 2374 qui
665 2273 793 2350 urbem
815 2273 988 2348 condidit.
1013 2277 1131 2350 Numa
1154 2273 1364 2374 Pompilius,

315 2393 379 2490 qui
389 2416 488 2462 sacra
498 2395 689 2465 constituit.
702 2390 826 2465 Tullus
836 2389 1023 2482 Hostilius,
1036 2397 1099 2491 qui
1106 2389 1235 2464 Albam
1245 2390 1364 2464 diruit

315 2507 433 2577 Ancus
451 2507 616 2598 Martius,
636 2510 697 2606 qui
721 2506 816 2607 leges
837 2505 1008 2606 plurimas
1028 2505 1125 2597 tulit,
1149 2522 1185 2579 et
1204 2507 1366 2578 Hostiam

315 2617 494 2693 coloniam
504 2625 695 2694 constituit.
709 2624 868 2698 ¹Servius
877 2619 1030 2710 Tullius,
1044 2626 1104 2718 qui
1117 2625 1274 2717 primum
1287 2643 1365 2688 cen·

316 2761 394 2808 sum
411 2740 491 2834 egit.
508 2739 645 2810 Priscus
660 2740 891 2837 Tarquinius,
908 2740 970 2836 qui
983 2733 1175 2835 insignibus
1189 2738 1366 2833 magistra·

315 2866 371 2924 tus
391 2851 590 2926 adornavit.
614 2857 827 2955 Tarquinius
848 2849 1044 2951 Superbus,
1068 2853 1130 2949 qui
1150 2847 1199 2922 ob
1220 2853 1365 2930 nimiam

229 3015 234 3018 -
316 2966 521 3066 superbiam
535 2993 645 3068 reguo
657 2968 778 3068 pulsus
793 2982 854 3040 est.

315 3209 459 3232 m
803 3203 1365 3230 mmwmwmmw

376 3584 697 3662 CLARISSIMI
721 3584 900 3662 DUCES
925 3583 1301 3673 ROMANORUM.

364 3782 507 3874 Brutus,
525 3784 587 3883 qui
598 3805 667 3881 pro
681 3779 846 3853 libertate
858 3776 1005 3880 publica
1015 3777 1148 3852 liberos
1162 3804 1242 3851 suos
1253 3783 1366 3851 inter·

165 3890 167 3894 ¹
315 3897 410 3972 lecit.
424 3897 586 3972 Valerius
600 3891 802 3987 Publicola,
814 3902 876 4000 qui
886 3913 1037 3998 propter
1048 3893 1210 3971 eamdem
1221 3891 1366 3967 liberta-

315 4030 389 4088 tem
414 4015 580 4090 adversus
603 4019 818 4118 Tarquinios
840 4012 977 4089 bellum
1000 4017 1167 4087 exercuit.
1192 4011 1294 4083 Idem
1308 4009 1367 4116 jus

352 4191 378 4243 8.
390 4192 415 4244 A
426 4192 567 4266 Coeet'fils'o
580 4194 725 4248 Aeacius
738 4194 817 4246 Parin.
860 4207 902 4244 tor
914 4189 1034 4244 ordinem
1046 4193 1206 4244 intervertit:
1224 4203 1287 4241 ante
1301 4186 1364 4238 Ser-
1510 4141 1511 4194 l

352 4272 538 4325 ctr.xv11.-
553 4275 693 4334 r.Servr'us.
702 4275 820 4325 ilicsnn·
859 4276 930 4326 viam
942 4275 1061 4341 regnavit
1076 4271 1236 4344 Tarquinius
1250 4269 1364 4320 Priscus.
