3142 4938
415 545 419 556 ’
499 521 644 584 LIBER
666 520 930 587 SECUNDUS.
960 592 964 598 ,
1170 521 1240 586 ‚153

194 659 307 715 tectus
321 667 443 741 eques,
458 659 557 742 terga
574 639 690 714 subito
704 645 940 742 pugnantium
953 645 1088 714 invasit.
1105 643 1179 714 Nec
1195 640 1240 715 de
1260 659 1291 724 tt
1325 723 1326 728 Ἰ

196 756 262 828 diis
276 781 462 855 possumus
483 759 584 855 queri
603 783 610 828 :
633 759 880 828 imminentem
898 759 1032 855 quippe
1047 760 1239 829 temerario

196 871 278 944 duci
291 870 429 945 cladem
441 870 677 970 praedixcraut
691 871 878 943 insidentia
893 874 998 968 signis
1012 876 1189 961 examina,
1204 887 1240 944 et

195 985 321 1087 aquilae
345 985 491 1086 prodire
520 983 697 1074 nolentes;
725 1000 760 1057 et
788 986 1013 1056 commissam
1044 988 1157 1056 aciem
1189 1011 1239 1056 se·

196 1118 296 1174 cutus
315 1106 437 1202 iugens
452 1119 556 1176 terrae
569 1117 707 1175 tremor
722 1127 730 1170 ε
745 1103 812 1172 nisi
831 1097 931 1170 illum
946 1096 1136 1172 horrorem
1156 1098 1239 1192 soli,

196 1222 355 1318 equitum
372 1225 602 1317 virorumque
619 1216 812 1304 discursus,
832 1228 868 1286 et
888 1229 987 1286 mota
1000 1212 1241 1286 vehementius

195 1361 295 1408 arma
310 1335 481 1409 fecertmt.
1183 1411 1186 1426 ,

243 1450 488 1543 Quartum,id
498 1464 678 1547 est,paene
688 1446 851 1520 ultimum
861 1445 1135 1548 vulnusimperij
1145 1448 1242 1519 Can·
1262 1453 1292 1507 ¹⁵

193 1590 265 1654 nae,
292 1563 456 1663 ignobilis
480 1562 616 1663 apuliae
636 1567 749 1652 vicus,
778 1562 840 1635 sed
864 1559 1107 1662 magnitudine
1132 1559 1242 1634 cladis

194 1685 356 1768 emersit;
371 1698 406 1754 et
420 1681 654 1782 quadraginta
668 1678 818 1753 millium
832 1677 929 1752 caede
945 1694 1050 1778 parta
1056 1676 1240 1752 nobilitas.

194 1795 250 1869 lbi
266 1799 302 1868 in
322 1800 466 1869 exitium
486 1796 636 1871 infelicis
657 1801 846 1885 exercitus,
864 1795 954 1885 dux,
971 1811 1082 1884 terra,
1097 1792 1240 1886 caelum,

194 1913 286 2004 dies,
305 1929 380 1986 tota
396 1915 549 2015 denique
571 1941 689 1988 rerum
712 1929 839 1986 natura
858 1917 1043 1986 consensit.
1059 1911 1242 2010 Siquidem
1263 1923 1293 1976 16

194 2053 268 2100 non
284 2047 468 2103 contentus
489 2028 660 2102 simulatis
678 2026 868 2127 transfugis
884 2023 1057 2115 Annibal,
1079 2028 1141 2124 qui
1158 2051 1242 2095 mox

195 2158 295 2241 terga
320 2149 554 2242 pugnantium
578 2143 804 2232 ceciderunt,
831 2144 976 2238 insuper
1000 2135 1242 2210 callidissimus

194 2258 402 2354 imperator,
417 2258 618 2357 patentibus
630 2265 667 2330 in
684 2261 837 2356 campis,
853 2253 1041 2328 observato
1060 2251 1130 2325 loci
1148 2257 1242 2352 inge-

103 2367 124 2388 ”
194 2374 272 2462 nio,
288 2372 387 2471 quud
401 2389 436 2445 et
451 2372 504 2446 sol
522 2373 573 2446 ibi
591 2379 800 2463 acerrimus,
817 2387 853 2444 et
865 2370 1038 2470 plurimus
1058 2366 1189 2467 pulvis,
1207 2385 1243 2441 et

194 2487 308 2558 Eurus
334 2485 380 2559 ab
408 2489 556 2562 Oriente
576 2515 708 2588 semper
728 2491 829 2588 quasi
855 2485 901 2558 ad
927 2487 1174 2575 constitutum,
1193 2487 1241 2555 ita

194 2634 267 2689 aliud
288 2641 406 2708 curavit,
426 2659 506 2712 quarn
527 2656 557 2696 nt
577 2640 698 2695 clausum
738 2639 794 2692 lieri
814 2640 933 2712 potuisse
953 2651 1049 2691 terram
1071 2636 1109 2688 sio
1129 2647 1241 2686 tremere

195 2711 699 2793 lacuetmontibus,eopiisqueeuiecit··
739 2715 1241 2794 equitumvirorumquediscursn.Hoo

195 2799 347 2850 cumfusum
362 2798 474 2852 baberet
488 2800 609 2863 boetem
624 2819 698 2854 eum·
737 2799 884 2853 nibilaliud
894 2811 932 2851 eet
941 2815 1020 2870 φιιω
1029 2794 1170 2846 Phantusia
1180 2813 1243 2865 poe·

195 2869 249 2944 que
258 2876 293 2926 ita
303 2877 505 2930 circumclusum
512 2877 546 2931 ad
553 2881 698 2931 satietatem
737 2882 804 2945 tica,
815 2898 878 2932 sane
885 2877 958 2950 apud
964 2875 1119 2929 historicum
1126 2893 1180 2925 non
1187 2873 1242 2924 lau·

196 2950 272 3004 militi
281 2971 330 3004 suo
341 2955 453 3025 praebuit
464 2955 622 3009 cedendum.
632 2955 698 3008 Vide
738 2957 843 3023 danda,
858 2956 905 3010 ned
921 2960 998 3028 eujus
1012 2954 1091 3024 plura
1105 2949 1241 3023 exempla,

195 3031 313 3098 Livium,
324 3031 374 3086 loc'.
388 3051 461 3106 supr.
473 3033 544 3089 laud.
739 3035 811 3108 apud
817 3037 961 3086 Homerum
968 3033 1110 3104 precipue,
1116 3032 1241 3082 inventae.

235 3111 275 3178 ¹4·
293 3111 439 3166 [euidentia
459 3114 541 3188 siquis
560 3115 699 3180 examino,
779 3111 819 3166 15.
831 3109 1243 3183 Cannoe.VioushicjuxtaAufi·

194 3200 221 3242 et
232 3190 328 3264 aquile
335 3193 440 3264 prodire
454 3182 577 3246 nolentes.
589 3193 629 3244 ltu
641 3187 700 3244 exa'·
740 3191 806 3246 dum
828 3210 941 3244 amnem.
968 3194 1087 3244 &noum
1108 3191 1186 3242 etiam
1206 3188 1244 3243 ibi

196 3287 256 3320 men
276 3271 357 3343 apum
377 3291 427 3345 pro
448 3271 519 3326 malo
541 3272 628 3326 omine
648 3273 700 3325 fuit
740 3289 844 3326 amnem
865 3271 947 3324 foisse
968 3287 1000 3322 ex
1019 3270 1133 3322 carmine
1151 3269 1243 3320 Marcii

154 3353 159 3364 '
196 3346 313 3418 Scipioni
326 3352 353 3402 iu
368 3369 400 3404 eo
414 3350 520 3424 praelio,
537 3349 611 3424 quod
624 3369 698 3404 corn·
738 3348 987 3422 votio‚quodLiriuo
996 3347 1161 3402 recitatlibro
1169 3346 1242 3398 XXV

197 3424 306 3476 missum
324 3440 362 3479 est
380 3430 450 3482 inter
467 3429 567 3482 Padum
586 3443 614 3483 et
627 3431 698 3482 'rici-
737 3427 881 3498 colligitur,
891 3424 1014 3498 idemque
1024 3443 1054 3477 ex
1064 3425 1150 3478 verbis
1160 3427 1242 3496 ipsius

197 3504 633 3583 num;Liv.xx1x.Aquttaeautem
640 3527 698 3582 pro-
737 3508 804 3560 Livii
818 3507 935 3560 discitur.
951 3505 1003 3558 Ubi
1017 3517 1105 3558 tamen
1119 3507 1243 3558 Cannen-

195 3583 252 3636 δίη
263 3581 379 3636 nolentes
389 3585 453 3638 nihil
467 3588 537 3642 aliud
550 3605 605 3656 est,
618 3609 697 3663 quam
738 3605 794 3642 sem
800 3605 917 3659 pugnam
925 3584 995 3637 idem
1003 3583 1241 3651 auctordescribit‚

197 3681 279 3737 quum
287 3663 697 3742 bostilia‚quibueaqnilae‚oigna
737 3667 1242 3738 Cunnaelluminiunullusumquamme·

197 3744 333 3812 militarie,
343 3741 508 3814 insidebant,
517 3747 696 3817 humidelixe‚
737 3749 822 3799 minit.
838 3776 874 3786 -
889 3747 1009 3798 Emersit.
1024 3744 1063 3796 Ex
1076 3744 1241 3813 ignobilitate

197 3823 272 3876 nullu
293 3823 375 3876 modo
393 3837 505 3896 possent
522 3827 642 3880 convelli.
663 3831 705 3868 -'
739 3847 803 3895 sua,
815 3827 924 3880 scilieet.
937 3853 973 3866 —
986 3824 1166 3897 Quodroqt'nta
1179 3827 1242 3878 mtt-

197 3902 282 3956 Illnm
296 3902 425 3956 horrorem
441 3903 520 3958 soli...
537 3922 611 3956 anno
624 3905 698 3976 fece-
739 3905 816 3958 lium.
831 3909 870 3960 De
884 3923 995 3958 numero
1009 3905 1189 3956 Romanorum
1200 3908 1241 3958 in-

197 3992 266 4034 runt.
289 3983 351 4034 Nou
370 3993 428 4034 eret
448 4001 515 4054 opus
537 3996 590 4035 tum
611 3981 699 4035 multis
739 3984 1241 4042 terfectorumnonidernsentiuntlte-

198 4059 297 4126 verbis,
310 4074 377 4132 quot
390 4058 422 4112 de
433 4060 484 4113 boc
495 4061 555 4114 loco
565 4080 700 4114 commen·
739 4085 772 4138 ge
784 4065 953 4118 Plutarchum
964 4069 991 4118 iu
1004 4065 1141 4120 Annibale.

199 4154 310 4209 tutores,
319 4144 447 4214 temporis
457 4157 482 4196 et
492 4143 590 4198 chartae
596 4143 701 4214 dispen·
779 4145 818 4198 16.
835 4147 896 4200 Loci
909 4146 1021 4220 inuenio.
1037 4145 1068 4198 ld
1080 4159 1134 4214 est,
1148 4162 1239 4200 natura

200 4221 244 4273 dio
263 4223 400 4289 fecerunt,
420 4237 450 4276 ut
467 4223 624 4296 probaretur
645 4242 698 4277 non
740 4225 799 4279 loci.
809 4225 875 4278 Vide
888 4225 1010 4280 indicem.
1025 4258 1056 4266 —
1071 4228 1106 4278 Et
1117 4229 1238 4279 cums..
