3108 4956
472 459 616 522 LIBER
637 457 961 526 MEMonlanls.
1171 461 1235 548 357

193 585 362 656 Minervae
379 587 545 683 quinque.
563 586 698 672 Prima,
713 582 864 655 Vulcani
877 581 964 675 filia,
981 581 1077 656 unde
1089 582 1238 657 Athena·

193 725 274 770 rum
291 714 343 770 est
356 700 488 770 civitas.
507 697 685 787 Secunda,
699 694 770 769 Nili
786 695 874 786 filia,
892 700 1159 802 quamffigypti
1176 720 1239 769 co*

192 811 280 884 lunt.
298 814 436 903 Tertia‚·
449 813 470 882 J
473 815 547 884 ovis
560 811 650 902 filia,
665 837 743 913 quae
761 810 831 883 ¹⁸in
844 809 969 884 facillis
980 810 1086 885 rebus
1099 839 1136 885 se
1148 839 1240 886 exer·

194 930 277 998 cnit.
304 927 458 1018 Quarta,
488 925 577 1000 Solis
608 924 696 1018 filia,
724 925 913 1027 quadrigas
931 925 1056 1026 junxit.
1085 929 1238 1019 Quinta,

193 1037 358 1114 Pallantis
376 1057 412 1114 et
429 1041 613 1115 Titanidos
631 1040 715 1116 filia.
736 1042 822 1113 Haec
844 1057 985 1139 patrem
1003 1041 1152 1135 occidit,
1171 1068 1240 1141 pro

193 1182 264 1228 suae
286 1159 494 1255 virginitatis
516 1155 778 1246 observatione,
805 1160 866 1256 qui
890 1155 963 1255 ejus
987 1156 1137 1256 cupidus
1160 1156 1239 1231 fuit.

193 1272 298 1344 Unde
322 1287 357 1342 et
376 1270 489 1344 Pallas
505 1271 602 1344 dicta
625 1288 686 1344 est.
708 1270 830 1345 Liberi
850 1276 1017 1373 quinque.
1039 1276 1177 1347 Primus
1199 1301 1241 1347 ex

192 1386 282 1460 Jove
307 1401 343 1458 et
367 1390 591 1486 Proserpina.
618 1388 688 1458 Hic
709 1385 881 1487 agricola,
905 1403 942 1460 et
961 1393 1128 1462 inventor
1146 1392 1240 1462 vini:

194 1501 293 1600 cujus
316 1528 418 1575 soror
441 1505 558 1577 Ceres.
583 1501 765 1577 Secundus
784 1503 893 1576 Liber
915 1531 957 1577 ex
981 1507 1243 1597 ¹⁹Merone3ct

193 1617 315 1708 Flora,
336 1617 433 1718 cnjus
451 1623 596 1692 nomine
613 1619 741 1692 fluvius
759 1636 811 1691 est
829 1621 1015 1694 Granicus.
1034 1621 1175 1692 Tertius
1196 1619 1241 1693 de

195 1732 377 1824 ¹⁰Cabito,
393 1737 454 1834 qui
472 1738 632 1834 regnavit
651 1739 688 1805 in
707 1737 800 1806 Asia.
818 1736 974 1826 Quartus
991 1761 1034 1808 ex
1052 1735 1241 1809 ²¹Saturno

194 1864 230 1920 et
253 1847 406 1940 Semela,
430 1849 562 1922 dicunt.
584 1852 738 1942 Quintus
759 1859 785 1890 ²²
793 1851 868 1922 Nisi
892 1866 928 1924 et
950 1853 1115 1924 Hesionae
1137 1850 1240 1924 filius.

194 1961 365 2035 Hercules
379 1989 448 2038 sex.
465 1967 602 2036 Primus
613 1966 712 2038 Jovis
726 1981 762 2038 et
774 1963 927 2038 AEtheris
939 1964 1042 2038 filius.
1060 1964 1242 2039 Secundus

193 2075 263 2150 Nili
275 2076 378 2170 filius,
392 2105 500 2180 quem
511 2083 713 2179 principem
725 2078 847 2152 colunt
858 2082 1025 2179 AEgyptii.
1044 2079 1073 2124 ²³
1081 2082 1243 2152 Tertium

193 2191 417 2267 conditorem
431 2194 537 2267 ²⁴loci
547 2193 775 2268 suiHellcnes
785 2193 919 2267 dicunt.
931 2196 1086 2286 Quartus
1098 2193 1125 2234 ²⁵
1133 2196 1243 2267 Croni

192 2303 300 2400 filius,
311 2324 346 2381 et
355 2307 556 2400 Cartheres,
569 2335 678 2409 quem
687 2307 994 2410 Carthaginienses
1003 2306 1137 2398 colunt,
1146 2306 1243 2380 unde

191 2421 372 2524 Carthago
383 2415 479 2497 dicta
488 2439 549 2496 est.
566 2424 719 2516 Quintus
732 2421 861 2497 ²⁶J0ab
871 2421 979 2514 filius,
993 2426 1054 2524 qui
1065 2449 1148 2496 cum
1158 2447 1242 2522 rege

190 2537 384 2612 Medorum
400 2543 581 2642 pugnavit.
604 2541 727 2614 Sextus
742 2542 840 2614 lovis
859 2538 949 2617 filius
969 2565 1012 2612 ex
1031 2537 1240 2629 Alcemena,

191 2657 253 2753 qui
267 2653 409 2728 Atlanta
425 2655 558 2729 docuit.

231 2815 271 2868 18.
289 2817 323 2868 In
333 2817 437 2889 facillis
451 2819 532 2874 tulus.
550 2820 585 2872 In
598 2817 696 2872 bellicis
734 2829 763 2872 et
784 2819 901 2891 Thyone.
920 2817 960 2872 ld.
979 2816 1012 2870 de
1032 2813 1144 2887 Thyone
1161 2817 1242 2870 etiam

193 2894 273 2946 retus.
292 2895 377 2948 Cicer.
399 2895 417 2947 l.
436 2896 462 2948 d.
479 2917 502 2949 c.
521 2898 600 2949 xxl:
621 2901 696 2967 «Qui
734 2895 1061 2968 Diodor.sicul.cx1‚p.
1078 2897 1136 2966 137.

196 2974 339 3042 «genuisse
346 2975 490 3027 Minervam
497 2975 605 3041 dicitur,
616 2995 695 3048 quam
772 2976 1090 3034 athamanticum.
1108 2978 1135 3031 d.
1150 2997 1174 3031 c.
1194 2979 1241 3032 16:

196 3053 698 3125 sprincipemetinventricembellile-
718 3098 721 3108 .
740 3061 865 3112 sTertiua
889 3072 928 3113 est
956 3075 988 3110 ex
1012 3056 1087 3110 {dats
1112 3057 1241 3130 Digitiu-

195 3145 287 3185 «rnnt.
299 3157 310 3182 ι
324 3133 423 3188 Amob.
435 3137 479 3202 tv,
488 3154 516 3208 p¹
531 3137 595 3207 137:
611 3136 697 3204 nQuae
736 3137 822 3192 Idoeos
832 3136 957 3211 Dactylos
964 3149 1061 3190 vocant
1069 3137 1168 3208 Greci,
1179 3156 1244 3212 quo·

196 3231 295 3268 nusum
303 3217 459 3290 excogitavit
467 3235 609 3269 armornm.
620 3240 631 3264 ι
641 3216 699 3268 Cle·
736 3238 795 3271 rum
809 3237 890 3285 unns,
907 3217 1035 3271 Hercules
1048 3220 1172 3286 nomine,
1187 3219 1257 3294 pti-⁸

192 3313 267 3350 meus
286 3296 302 3350 l.
318 3298 344 3352 d.
358 3297 399 3353 mir
417 3296 519 3366 faulam
535 3295 628 3367 su‘plrsr.
645 3297 698 3352 Sed
737 3317 796 3352 mus
810 3297 937 3372 Olympiae
951 3295 1029 3351 ludos
1042 3298 1188 3352 instituisse
1201 3296 1244 3350 di·

193 3373 327 3431 Arnobius
338 3391 365 3432 et
375 3378 497 3434 Clemens
508 3377 579 3430 lianc
590 3376 697 3432 Saturni
736 3379 813 3430 citor.
825 3380 937 3432 Peucen.
954 3395 981 3446 ι,
995 3375 1078 3430 uliae.
1091 3394 1121 3449 7,
1135 3392 1163 3431 et
1174 3379 1243 3432 Dio-

192 3455 273 3510 fllinm
283 3459 393 3513 faciunt.
736 3457 793 3510 dor.
807 3460 840 3522 V,
853 3458 913 3512 230.

234 3555 275 3607 ¹9·
293 3538 410 3592 Meroua.
426 3538 541 3593 Melone.
558 3536 694 3592 Monoler.
774 3540 816 3606 al.
826 3540 889 3594 Loci
897 3539 940 3595 sui
947 3539 1079 3594 Hellenos.
1088 3541 1162 3592 Fort.
1175 3537 1243 3592 tuat

193 3618 228 3674 ad
246 3621 341 3694 Hygia.
357 3620 421 3672 rab.
439 3621 514 3687 CLV,
533 3621 550 3673 i.
574 3638 597 3673 e.
616 3619 696 3687 Nilo,
735 3619 778 3673 sui
787 3618 849 3673 Elei
858 3620 961 3684 dicunt,
974 3638 989 3671 e
1000 3621 1114 3674 naman.
1124 3617 1143 3671 l.
1154 3615 1182 3672 d.

192 3701 269 3772 cujus
285 3699 369 3754 filium
387 3717 449 3752 eum
462 3699 527 3752 lacit
537 3699 622 3753 Cicer.
635 3699 655 3751 l.
667 3697 695 3752 d.
773 3697 815 3751 25.
828 3695 1022 3770 Cronifiliuset
1031 3697 1170 3750 cantem.
1185 3695 1250 3748 Gar-1
1356 3739 1359 3744 .

193 3797 253 3852 cap.
265 3779 373 3832 xxm·
737 3777 968 3831 samareum.
983 3775 1091 3828 iliceto:
1109 3797 1121 3821 ι
1130 3775 1203 3825 Jovis
1217 3785 1244 3825 et

230 3875 273 3910 no.
287 3856 386 3910 calita.
399 3856 490 3910 Gali-io
505 3854 647 3928 legendum
656 3869 697 3911 eat
740 3857 883 3923 atcerte,
892 3855 1115 3920 manumetis,
1126 3854 1243 3926 qni'l'yn'

192 3957 224 3992 ex
235 3939 371 3992 Cicerone.
741 3937 873 3990 «maxime
887 3934 997 3997 uelitum
1012 3936 1089 4005 cnjus
1103 3932 1242 4007 Carthagi·

229 4034 271 4070 οι.
289 4018 403 4071 Satnmo
419 4029 445 4070 et
459 4015 571 4070 Semela.
590 4017 656 4068 Jove
672 4027 698 4069 et
741 4035 824 4068 «nem
833 4015 914 4069 filiam
923 4013 1044 4069 henna·

192 4099 276 4152 luna.
290 4097 328 4151 ld.
773 4096 815 4149 ²6.
837 4095 911 4148 Joab.
932 4093 1024 4148 ldem:
1054 4096 1190 4164 «Quintus
1213 4096 1242 4146 in

229 4197 271 4236 η.
284 4178 343 4234 Niss'
352 4189 377 4231 et
385 4179 513 4232 Hesiona.
525 4175 592 4234 Niso
604 4185 696 4230 aetum
740 4173 833 4228 aludis
845 4185 933 4242 natus,
945 4175 989 4246 qui
999 4172 1076 4227 Belus
1088 4171 1192 4226 dieitur.
1205 4193 1216 4218 ι
