3108 4956
300 537 364 601 310
625 535 662 598 L.
686 534 846 599 sunni
869 535 1016 616 suoru

298 662 383 746 tius,
405 683 513 755 quum
530 654 628 755 quod
647 658 792 729 Caesaris
810 655 969 731 medicus
987 662 1125 730 somnio
1144 658 1349 732 admonitus

301 786 368 859 est,
388 805 403 835 u
413 787 453 844 ut
468 773 584 844 Caesar
597 774 717 844 castris
729 769 935 861 excederet,
949 769 1077 870 quibus
1092 775 1173 870 cepi
1186 776 1346 846 immine·

254 912 284 947 to
307 884 443 958 «batn
464 902 505 958 ut
519 884 654 960 fectum
669 901 731 958 est.
750 884 835 960 Acie
848 913 1003 987 nemque
1018 891 1220 978 commissu,
1236 913 1348 988 quum

301 1006 380 1102 pari
395 1000 524 1076 ardore
538 999 757 1101 aliquamdiu
770 1001 980 1076 dimicatum
989 1002 1098 1092 foret,
1109 1009 1271 1103 quumvis
1283 1002 1349 1075 du-

302 1145 442 1194 cesnon
454 1133 568 1192 essent
579 1135 782 1216 praesentes,
795 1131 907 1218 quum
916 1117 1066 1192 alterum
1078 1123 1240 1218 eorporis
1252 1123 1350 1217 aegri·

302 1235 406 1325 tudo,
416 1233 516 1308 illum
524 1249 638 1308 metus
649 1250 684 1306 et
692 1238 833 1334 ignavie
840 1233 1101 1326 subduxissent,
1114 1251 1222 1308 staret
1228 1251 1349 1308 temen

303 1377 370 1449 pro
387 1347 546 1448 pertibus
560 1354 691 1422 invicta
706 1348 851 1422 fortuna
864 1365 900 1423 et
914 1348 1054 1439 ultoris,
1071 1355 1182 1451 etqui
1195 1349 1349 1424 vindicu-

304 1466 421 1557 betur,
436 1471 594 1565 primum
608 1465 699 1538 adeo
714 1492 845 1565 anceps
856 1465 940 1558 fini,
957 1483 993 1539 et
1006 1493 1073 1566 par
1086 1471 1266 1568 utrimque
1281 1467 1350 1540 dis-

305 1587 457 1672 crimen,
473 1599 513 1655 ut
524 1586 635 1655 exitus
649 1579 761 1681 praelii
775 1581 909 1656 docuit.
922 1586 1038 1682 Capta
1049 1600 1130 1656 sunt
1145 1582 1229 1658 hinc
1242 1587 1351 1658 Caesa·

258 1734 283 1768 ιι
307 1695 583 1790 riscastre,inde
593 1701 714 1771 Cassii.
725 1697 795 1770 Sed
804 1714 938 1797 qrranto
949 1697 1351 1789 efficaciorestfortunu,

307 1838 415 1911 quam
428 1811 553 1884 virtus!
570 1827 604 1884 et
621 1839 729 1912 quam
747 1839 873 1885 verum
887 1830 953 1904 est,
969 1815 1069 1913 quod
1085 1820 1239 1888 moriens
1256 1813 1351 1888 effla·

306 1931 374 2017 vit,
398 1953 495 2001 anon
509 1932 546 2000 in
561 1955 615 2018 re,
631 1927 745 2001 sedin
756 1928 869 2000 verbo
881 1945 1035 2020 tantum,
1052 1957 1126 2004 esse
1139 1931 1319 2004 virtutem!
1333 1965 1348 1995 »ν

260 2071 289 2106 η
309 2045 507 2116 Victoriam
527 2039 578 2114 illi
604 2040 726 2142 praelio
750 2069 851 2116 error
872 2043 981 2117 dedit.
1006 2047 1160 2139 Cassius,
1184 2045 1354 2119 inclinato

311 2183 423 2230 cornu
438 2184 519 2248 suo,
540 2185 667 2258 quum,
692 2161 803 2256 ceptis
825 2160 970 2231 Caesaris
988 2165 1124 2253 castris,
1141 2159 1268 2261 rapido
1286 2163 1356 2232 im-

310 2289 396 2370 petu
414 2277 624 2371 recipientes
640 2299 677 2345 se
693 2272 831 2346 videret
846 2278 996 2374 equites,
1011 2274 1134 2376 fugere
1151 2275 1354 2366 arbitratus,

262 2407 293 2458 13
312 2387 431 2462 evadit
452 2393 489 2461 in
510 2388 706 2462 tumulum:
729 2389 812 2462 inde
835 2389 982 2489 pulvere
1003 2408 1039 2464 et
1058 2397 1226 2492 strepitu,
1250 2397 1357 2467 etium

313 2521 417 2576 nocte
428 2509 560 2595 vicine,
574 2504 805 2578 eximentibus
816 2522 920 2605 gestie
930 2512 981 2578 rei
993 2533 1147 2597 sensum,
1161 2533 1271 2606 quum
1282 2531 1357 2604 spe

315 2617 452 2722 culator
461 2646 606 2722 quoque
613 2625 649 2692 in
659 2607 699 2693 id
711 2625 850 2714 missus,
863 2622 998 2696 tardius
1007 2627 1358 2712 renuntiaretur-ans

354 2918 394 2954 ιο.
406 2900 490 2954 Illum
504 2914 594 2956 meurs.
611 2902 745 2955 Plutarch.
760 2903 818 2955 An·
857 2905 892 2956 du
905 2903 972 2956 ainsi
982 2903 1048 2954 dans
1056 2902 1172 2968 Horace,
1182 2917 1260 2973 parre
1271 2917 1320 2972 quc
1331 2916 1360 2950 ce

316 2983 391 3036 tenio
401 2999 460 3053 cup.
473 2982 520 3050 28,
530 2981 604 3048 dicit,
616 2979 748 3053 quosdam
760 2999 819 3034 esse
855 2983 932 3057 pnite
942 2987 988 3036 erit
998 2985 1045 3036 tres
1059 2981 1115 3034 mal
1126 2980 1189 3034 lond
1197 2981 1312 3052 Auqmtc
1321 2975 1361 3031 s’t'l

316 3063 363 3132 qui
374 3063 537 3132 seripserunt
547 3062 693 3114 Antonium
701 3079 757 3114 nou
767 3079 820 3133 pu·
859 3062 919 3117 l'edt
925 3063 982 3136 fait
994 3061 1136 3136 triumphes
1146 3063 1177 3114 dc
1189 3060 1217 3114 ia
1226 3071 1314 3124 ver-tu,
1325 3076 1363 3110 ass

316 3160 373 3213 με
395 3141 525 3208 adfuisse,
548 3142 596 3196 sed
618 3155 680 3214 post
701 3159 819 3214 pugnem
860 3143 914 3196 iieu
927 3140 991 3216 qu'il
1003 3136 1363 3218 testatetmdetteaement

317 3223 371 3275 suis
390 3225 446 3292 jem
471 3221 562 3274 hustet
587 3222 820 3289 consectantibus,
859 3213 1364 3295 enlefeisanttriompdcrdelavaleur

317 3303 510 3373 supervenisse.
519 3329 555 3342 -
564 3301 650 3354 Staret
659 3313 756 3354 mmm.
768 3302 822 3356 Re·
859 3305 951 3355 mdme.
965 3303 1034 3354 Mais
1045 3301 1091 3373 qui
1101 3318 1132 3350 uc
1144 3297 1196 3351 voit
1209 3313 1260 3369 que
1271 3293 1363 3346 Herus

317 3393 379 3453 pete
398 3397 430 3430 ex
445 3378 671 3451 precedentibus,
692 3391 717 3430 et
737 3397 821 3452 quum
861 3392 922 3435 veut
934 3399 1040 3434 amener
1053 3381 1087 3432 ici
1099 3379 1124 3432 le
1136 3377 1220 3430 motst'
1230 3393 1318 3428 cornu
1330 3374 1362 3426 de

246 3489 249 3495 .
318 3468 395 3513 steret
409 3458 725 3512 tamen...-Eruttoris.
739 3460 820 3511 Nem·
860 3463 958 3514 urum
969 3456 1186 3533 surleprltcndu
1198 3451 1363 3508 nduntdela

320 3536 822 3612 peOctaviiulturis.-thuivt'ndr'-
862 3552 948 3602 vertur
963 3557 992 3592 ee
1007 3536 1073 3612 pu’t'l
1086 3536 1156 3590 n'etlt
1171 3555 1210 3609 pu
1224 3535 1322 3590 direde
1336 3533 1363 3586 la
1398 3559 1402 3567 ›

293 3663 303 3680 ,
320 3617 432 3670 cabamr.
447 3618 550 3690 Nempe
562 3618 634 3690 Bruti
644 3617 677 3670 de
687 3636 741 3691 quo
753 3617 821 3671 ultio
862 3620 954 3676 valeus·
963 3638 1021 3674 sans
1028 3618 1165 3672 admrdr'tb.
1178 3618 1227 3669 Gar
1237 3631 1301 3666 ceux
1309 3611 1364 3664 ml·

320 3692 496 3767 repetebatur·
862 3719 904 3752 me
914 3700 959 3772 qui
972 3697 1082 3753 seruiens
1094 3715 1161 3750 mser
1175 3695 1283 3748 imme
1295 3709 1366 3764 pour

360 3793 400 3829 ιι.
423 3776 561 3831 Virtutem.
580 3775 691 3830 Nostrae
709 3779 777 3829 Pruu
793 3778 823 3829 in
862 3779 938 3832 avoir
954 3779 986 3830 de
1002 3777 1030 3830 Ia
1048 3787 1120 3828 uertu
1135 3773 1291 3846 l't'njun'euse
1310 3771 1364 3824 idea

322 3875 373 3910 susc
383 3857 510 3910 versionis
520 3859 634 3910 notisitu
643 3857 677 3910 de
685 3857 737 3910 hoe
746 3857 821 3910 loeo:
862 3859 937 3934 qu'en
954 3869 998 3910 eut
1012 3858 1110 3910 Brutus
1121 3857 1186 3909 dans
1201 3873 1238 3906 un
1250 3861 1364 3906 moment

324 3937 397 3990 ..rai
421 3939 462 3990 dte
481 3938 577 4010 sur-pris
600 3957 653 4012 que
682 3939 707 3991 lc
732 3947 826 3992 suvant
863 3941 1041 4010 deddsespuir,
1057 3942 1092 3990 uit
1106 3933 1293 3990 ttmccomtair
1310 3949 1365 3986 sous

322 4017 361 4070 M.
379 4019 492 4084 Decius,
507 4019 571 4070 dam
588 4036 640 4069 une
656 4018 737 4072 deses
753 4031 825 4071 notes
865 4021 900 4074 les
912 4037 991 4092 cuups
1002 4017 1044 4070 det
1055 4028 1232 4088 umrpateurs,
1247 4011 1313 4064 nele
1323 4027 1364 4062 sc-

321 4117 367 4152 sur
375 4095 442 4151 l'ode
452 4116 466 4168 7
478 4099 513 4150 du
524 4098 658 4151 dmiene
668 4098 732 4151 liure
740 4099 824 4150 d'He-
864 4097 1046 4170 ruientjamais
1054 4113 1120 4150 assez
1126 4113 1195 4168 pour
1203 4095 1260 4146 scier
1269 4091 1294 4144 le
1301 4110 1365 4164 pou·

323 4197 392 4246 racc,
408 4178 447 4229 ait
457 4177 539 4230 rendra
556 4176 676 4232 levinus
690 4180 722 4231 de
736 4177 825 4230 etone
864 4175 958 4228 vuirde
967 4173 994 4226 la
1004 4172 1102 4228 vatem.
1114 4199 1125 4222 ι
1136 4173 1186 4226 Cui
1195 4169 1303 4245 quidem
1310 4169 1366 4241 pla·

320 4277 370 4328 par
381 4257 478 4309 valeur.
498 4259 531 4310 Ce
541 4268 595 4309 mot
605 4257 661 4308 dou
669 4259 721 4310 &tre
734 4269 825 4310 enten-
864 4275 898 4308 ne
910 4257 1076 4308 assentimus.
