<?xml version="1.0" encoding="UTF-8"?>
<!DOCTYPE html PUBLIC "-//W3C//DTD XHTML 1.0 Transitional//EN"
    "http://www.w3.org/TR/xhtml1/DTD/xhtml1-transitional.dtd">
<html xmlns="http://www.w3.org/1999/xhtml" xml:lang="en" lang="en">
 <head>
  <title>
</title>
<meta http-equiv="Content-Type" content="text/html;charset=utf-8" />
  <meta name='ocr-system' content='tesseract 3.04.00' />
  <meta name='ocr-capabilities' content='ocr_page ocr_carea ocr_par ocr_line ocrx_word'/>
</head>
<body>
  <div class='ocr_page' id='page_1' title='image "./luciiannaeiflor00lemagoog_0383.png"; bbox 0 0 3026 4956; ppageno 0'>
   <div class='ocr_carea' id='block_1_1' title="bbox 328 455 1045 599">
    <p class='ocr_par' dir='ltr' id='par_1_1' title="bbox 328 455 1045 599">
     <span class='ocr_line' id='line_1_1' title="bbox 328 455 1045 599; baseline 0.003 -21"><span class='ocrx_word' id='word_1_1' title='bbox 328 513 397 599; x_wconf 73' lang='lat'>372</span> <span class='ocrx_word' id='word_1_2' title='bbox 574 455 576 460; x_wconf 32' lang='lat'>⁵</span> <span class='ocrx_word' id='word_1_3' title='bbox 673 509 815 577; x_wconf 79' lang='lat' dir='ltr'>auen</span> <span class='ocrx_word' id='word_1_4' title='bbox 839 509 1045 580; x_wconf 76' lang='lat' dir='ltr'>ananau</span> 
     </span>
    </p>
   </div>
   <div class='ocr_carea' id='block_1_2' title="bbox 323 631 1386 2328">
    <p class='ocr_par' dir='ltr' id='par_1_2' title="bbox 323 631 1386 2328">
     <span class='ocr_line' id='line_1_2' title="bbox 329 631 1385 734; baseline 0 -26"><span class='ocrx_word' id='word_1_5' title='bbox 329 631 587 722; x_wconf 85' lang='lat' dir='ltr'>liberaverunt,</span> <span class='ocrx_word' id='word_1_6' title='bbox 605 646 650 708; x_wconf 84' lang='lat' dir='ltr'>ut</span> <span class='ocrx_word' id='word_1_7' title='bbox 670 631 777 730; x_wconf 82' lang='lat' dir='ltr'>plane</span> <span class='ocrx_word' id='word_1_8' title='bbox 795 633 887 708; x_wconf 87' lang='lat' dir='ltr'>CCC</span> <span class='ocrx_word' id='word_1_9' title='bbox 908 631 1263 712; x_wconf 76' lang='lat' dir='ltr'>Lacedaemoniorum</span> <span class='ocrx_word' id='word_1_10' title='bbox 1288 634 1385 734; x_wconf 82' lang='lat' dir='ltr'>apud</span> 
     </span>
     <span class='ocr_line' id='line_1_3' title="bbox 331 746 1386 850; baseline 0.002 -28"><span class='ocrx_word' id='word_1_11' title='bbox 331 746 593 849; x_wconf 83' lang='lat' dir='ltr'><strong>Thermopylas</strong></span> <span class='ocrx_word' id='word_1_12' title='bbox 614 747 766 849; x_wconf 70' lang='lat' dir='ltr'>gloriam</span> <span class='ocrx_word' id='word_1_13' title='bbox 785 747 1027 848; x_wconf 69' lang='lat' dir='ltr'>adaquarent.</span> <span class='ocrx_word' id='word_1_14' title='bbox 1051 751 1134 824; x_wconf 90' lang='lat' dir='ltr'>Duo</span> <span class='ocrx_word' id='word_1_15' title='bbox 1152 753 1272 839; x_wconf 80' lang='lat' dir='ltr'>Decii,</span> <span class='ocrx_word' id='word_1_16' title='bbox 1296 775 1386 850; x_wconf 90' lang='lat' dir='ltr'>quo-</span> 
     </span>
     <span class='ocr_line' id='line_1_4' title="bbox 330 863 1383 957; baseline -0.001 -16"><span class='ocrx_word' id='word_1_17' title='bbox 330 891 412 941; x_wconf 89' lang='lat' dir='ltr'>rum</span> <span class='ocrx_word' id='word_1_18' title='bbox 428 863 519 938; x_wconf 87' lang='lat' dir='ltr'>alter</span> <span class='ocrx_word' id='word_1_19' title='bbox 534 867 660 940; x_wconf 84' lang='lat' dir='ltr'>Latino</span> <span class='ocrx_word' id='word_1_20' title='bbox 677 863 789 954; x_wconf 89' lang='lat' dir='ltr'>bello,</span> <span class='ocrx_word' id='word_1_21' title='bbox 803 863 897 940; x_wconf 73' lang='lat' dir='ltr'>alter</span> <span class='ocrx_word' id='word_1_22' title='bbox 910 868 1121 957; x_wconf 87' lang='lat' dir='ltr'>Samnitico,</span> <span class='ocrx_word' id='word_1_23' title='bbox 1139 865 1207 941; x_wconf 82' lang='lat' dir='ltr'>diis</span> <span class='ocrx_word' id='word_1_24' title='bbox 1219 865 1383 940; x_wconf 77' lang='lat' dir='ltr'><strong>Manibus</strong></span> 
     </span>
     <span class='ocr_line' id='line_1_5' title="bbox 329 980 1381 1082; baseline 0.004 -28"><span class='ocrx_word' id='word_1_25' title='bbox 329 1007 366 1054; x_wconf 89' lang='lat' dir='ltr'>se</span> <span class='ocrx_word' id='word_1_26' title='bbox 383 981 614 1059; x_wconf 89' lang='lat' dir='ltr'>devoverunt.</span> <span class='ocrx_word' id='word_1_27' title='bbox 637 980 801 1061; x_wconf 79' lang='lat' dir='ltr'>⁴Fulvias</span> <span class='ocrx_word' id='word_1_28' title='bbox 820 981 1001 1073; x_wconf 73' lang='lat' dir='ltr'><strong>Pontifex,</strong></span> <span class='ocrx_word' id='word_1_29' title='bbox 1025 987 1103 1082; x_wconf 89' lang='lat' dir='ltr'>qui,</span> <span class='ocrx_word' id='word_1_30' title='bbox 1124 982 1215 1057; x_wconf 86' lang='lat' dir='ltr'>urbe</span> <span class='ocrx_word' id='word_1_31' title='bbox 1234 1009 1256 1058; x_wconf 83' lang='lat' dir='ltr'>a</span> <span class='ocrx_word' id='word_1_32' title='bbox 1273 981 1381 1058; x_wconf 84' lang='lat' dir='ltr'>Gallis</span> 
     </span>
     <span class='ocr_line' id='line_1_6' title="bbox 328 1095 1381 1197; baseline 0.002 -29"><span class='ocrx_word' id='word_1_33' title='bbox 328 1095 526 1170; x_wconf 84' lang='lat' dir='ltr'><strong>Senonibus</strong></span> <span class='ocrx_word' id='word_1_34' title='bbox 539 1101 698 1185; x_wconf 85' lang='lat' dir='ltr'>incensa,</span> <span class='ocrx_word' id='word_1_35' title='bbox 713 1122 750 1170; x_wconf 89' lang='lat' dir='ltr'>se</span> <span class='ocrx_word' id='word_1_36' title='bbox 765 1096 923 1197; x_wconf 85' lang='lat' dir='ltr'>aliosque</span> <span class='ocrx_word' id='word_1_37' title='bbox 939 1123 1040 1170; x_wconf 88' lang='lat' dir='ltr'>senes</span> <span class='ocrx_word' id='word_1_38' title='bbox 1054 1097 1120 1170; x_wconf 88' lang='lat' dir='ltr'>diis</span> <span class='ocrx_word' id='word_1_39' title='bbox 1136 1097 1303 1172; x_wconf 84' lang='lat' dir='ltr'>Manibus</span> <span class='ocrx_word' id='word_1_40' title='bbox 1317 1097 1381 1171; x_wconf 87' lang='lat' dir='ltr'>de-</span> 
     </span>
     <span class='ocr_line' id='line_1_7' title="bbox 326 1213 1380 1314; baseline 0.001 -29"><span class='ocrx_word' id='word_1_41' title='bbox 326 1217 435 1286; x_wconf 87' lang='lat' dir='ltr'>vovit.</span> <span class='ocrx_word' id='word_1_42' title='bbox 449 1213 621 1314; x_wconf 72' lang='lat' dir='ltr'>Regulus,</span> <span class='ocrx_word' id='word_1_43' title='bbox 634 1217 696 1312; x_wconf 84' lang='lat' dir='ltr'>qui</span> <span class='ocrx_word' id='word_1_44' title='bbox 706 1230 887 1288; x_wconf 87' lang='lat' dir='ltr'>tormenta</span> <span class='ocrx_word' id='word_1_45' title='bbox 897 1213 1244 1314; x_wconf 75' lang='lat' dir='ltr'>Carthaginiensium</span> <span class='ocrx_word' id='word_1_46' title='bbox 1258 1213 1380 1287; x_wconf 86' lang='lat' dir='ltr'>maluit</span> 
     </span>
     <span class='ocr_line' id='line_1_8' title="bbox 326 1325 1381 1428; baseline -0.001 -28"><span class='ocrx_word' id='word_1_47' title='bbox 326 1332 419 1428; x_wconf 85' lang='lat' dir='ltr'>pati,</span> <span class='ocrx_word' id='word_1_48' title='bbox 436 1353 546 1428; x_wconf 82' lang='lat' dir='ltr'>quana</span> <span class='ocrx_word' id='word_1_49' title='bbox 565 1346 605 1403; x_wconf 93' lang='lat' dir='ltr'>ut</span> <span class='ocrx_word' id='word_1_50' title='bbox 623 1325 756 1400; x_wconf 91' lang='lat' dir='ltr'>inutilis</span> <span class='ocrx_word' id='word_1_51' title='bbox 774 1355 844 1428; x_wconf 86' lang='lat' dir='ltr'>pax</span> <span class='ocrx_word' id='word_1_52' title='bbox 861 1333 1008 1401; x_wconf 86' lang='lat' dir='ltr'>cumeis</span> <span class='ocrx_word' id='word_1_53' title='bbox 1025 1328 1143 1420; x_wconf 83' lang='lat' dir='ltr'>fieret,</span> <span class='ocrx_word' id='word_1_54' title='bbox 1163 1343 1225 1401; x_wconf 88' lang='lat' dir='ltr'>aut</span> <span class='ocrx_word' id='word_1_55' title='bbox 1240 1333 1316 1427; x_wconf 90' lang='lat' dir='ltr'>ipse</span> <span class='ocrx_word' id='word_1_56' title='bbox 1326 1328 1381 1426; x_wconf 93' lang='lat' dir='ltr'>ju·</span> 
     </span>
     <span class='ocr_line' id='line_1_9' title="bbox 325 1441 1379 1542; baseline -0.001 -27"><span class='ocrx_word' id='word_1_57' title='bbox 325 1442 515 1542; x_wconf 87' lang='lat' dir='ltr'>risjurandi</span> <span class='ocrx_word' id='word_1_58' title='bbox 538 1442 648 1516; x_wconf 88' lang='lat' dir='ltr'>fidem</span> <span class='ocrx_word' id='word_1_59' title='bbox 671 1441 821 1518; x_wconf 84' lang='lat' dir='ltr'>falleret.</span> <span class='ocrx_word' id='word_1_60' title='bbox 852 1445 1011 1534; x_wconf 81' lang='lat' dir='ltr'>Curtius,</span> <span class='ocrx_word' id='word_1_61' title='bbox 1040 1446 1102 1542; x_wconf 87' lang='lat' dir='ltr'>qui</span> <span class='ocrx_word' id='word_1_62' title='bbox 1125 1469 1161 1516; x_wconf 86' lang='lat' dir='ltr'>se</span> <span class='ocrx_word' id='word_1_63' title='bbox 1184 1447 1223 1514; x_wconf 89' lang='lat' dir='ltr'>in</span> <span class='ocrx_word' id='word_1_64' title='bbox 1246 1441 1379 1515; x_wconf 87' lang='lat' dir='ltr'>hiatum</span> 
     </span>
     <span class='ocr_line' id='line_1_10' title="bbox 325 1558 1379 1660; baseline 0.002 -30"><span class='ocrx_word' id='word_1_65' title='bbox 325 1571 428 1630; x_wconf 86' lang='lat' dir='ltr'>terrae</span> <span class='ocrx_word' id='word_1_66' title='bbox 444 1562 604 1650; x_wconf 89' lang='lat' dir='ltr'>immisit,</span> <span class='ocrx_word' id='word_1_67' title='bbox 621 1585 733 1660; x_wconf 93' lang='lat' dir='ltr'>quum</span> <span class='ocrx_word' id='word_1_68' title='bbox 747 1586 790 1633; x_wconf 85' lang='lat' dir='ltr'>ex</span> <span class='ocrx_word' id='word_1_69' title='bbox 802 1558 966 1650; x_wconf 83' lang='lat' dir='ltr'>oraculo,</span> <span class='ocrx_word' id='word_1_70' title='bbox 987 1558 1086 1660; x_wconf 88' lang='lat' dir='ltr'>quod</span> <span class='ocrx_word' id='word_1_71' title='bbox 1100 1563 1277 1659; x_wconf 88' lang='lat' dir='ltr'>optimum</span> <span class='ocrx_word' id='word_1_72' title='bbox 1293 1577 1379 1632; x_wconf 83' lang='lat' dir='ltr'>esset</span> 
     </span>
     <span class='ocr_line' id='line_1_11' title="bbox 325 1672 1378 1773; baseline 0 -29"><span class='ocrx_word' id='word_1_73' title='bbox 325 1675 362 1744; x_wconf 94' lang='lat' dir='ltr'>in</span> <span class='ocrx_word' id='word_1_74' title='bbox 375 1672 465 1746; x_wconf 87' lang='lat' dir='ltr'>urbe</span> <span class='ocrx_word' id='word_1_75' title='bbox 481 1677 660 1767; x_wconf 84' lang='lat' dir='ltr'>Romana,</span> <span class='ocrx_word' id='word_1_76' title='bbox 676 1691 896 1773; x_wconf 85' lang='lat' dir='ltr'>posceretur.</span> <span class='ocrx_word' id='word_1_77' title='bbox 918 1677 1067 1773; x_wconf 86' lang='lat' dir='ltr'>Spurius</span> <span class='ocrx_word' id='word_1_78' title='bbox 1082 1677 1283 1750; x_wconf 85' lang='lat' dir='ltr'>Postumius</span> <span class='ocrx_word' id='word_1_79' title='bbox 1292 1702 1303 1762; x_wconf 90' lang='lat'>;</span> <span class='ocrx_word' id='word_1_80' title='bbox 1320 1677 1378 1772; x_wconf 91' lang='lat' dir='ltr'>qui</span> 
     </span>
     <span class='ocr_line' id='line_1_12' title="bbox 325 1789 1375 1890; baseline 0.001 -30"><span class='ocrx_word' id='word_1_81' title='bbox 325 1791 487 1862; x_wconf 87' lang='lat' dir='ltr'>aPontio</span> <span class='ocrx_word' id='word_1_82' title='bbox 504 1789 684 1881; x_wconf 88' lang='lat' dir='ltr'>Telesino,</span> <span class='ocrx_word' id='word_1_83' title='bbox 700 1792 896 1864; x_wconf 85' lang='lat' dir='ltr'>Samnitum</span> <span class='ocrx_word' id='word_1_84' title='bbox 912 1789 1020 1881; x_wconf 88' lang='lat' dir='ltr'>duce,</span> <span class='ocrx_word' id='word_1_85' title='bbox 1035 1791 1100 1863; x_wconf 89' lang='lat' dir='ltr'>sub</span> <span class='ocrx_word' id='word_1_86' title='bbox 1111 1791 1238 1890; x_wconf 77' lang='lat' dir='ltr'>jugum</span> <span class='ocrx_word' id='word_1_87' title='bbox 1253 1793 1375 1863; x_wconf 90' lang='lat' dir='ltr'>missus</span> 
     </span>
     <span class='ocr_line' id='line_1_13' title="bbox 324 1904 1377 2006; baseline 0.001 -29"><span class='ocrx_word' id='word_1_88' title='bbox 324 1930 409 1978; x_wconf 85' lang='lat' dir='ltr'>cum</span> <span class='ocrx_word' id='word_1_89' title='bbox 419 1909 592 1998; x_wconf 84' lang='lat' dir='ltr'>exercitu,</span> <span class='ocrx_word' id='word_1_90' title='bbox 603 1923 729 1980; x_wconf 85' lang='lat' dir='ltr'>auctor</span> <span class='ocrx_word' id='word_1_91' title='bbox 737 1905 806 2001; x_wconf 86' lang='lat' dir='ltr'>luit</span> <span class='ocrx_word' id='word_1_92' title='bbox 814 1905 1006 2006; x_wconf 87' lang='lat' dir='ltr'>rumpendi</span> <span class='ocrx_word' id='word_1_93' title='bbox 1018 1905 1179 2000; x_wconf 84' lang='lat' dir='ltr'>foederis,</span> <span class='ocrx_word' id='word_1_94' title='bbox 1192 1931 1301 2006; x_wconf 84' lang='lat' dir='ltr'>seque</span> <span class='ocrx_word' id='word_1_95' title='bbox 1312 1904 1377 1978; x_wconf 91' lang='lat' dir='ltr'>ho-</span> 
     </span>
     <span class='ocr_line' id='line_1_14' title="bbox 324 2019 1378 2122; baseline 0.001 -29"><span class='ocrx_word' id='word_1_96' title='bbox 324 2019 434 2096; x_wconf 80' lang='lat' dir='ltr'>stibus</span> <span class='ocrx_word' id='word_1_97' title='bbox 448 2027 585 2098; x_wconf 88' lang='lat' dir='ltr'>eensuit</span> <span class='ocrx_word' id='word_1_98' title='bbox 600 2051 673 2098; x_wconf 90' lang='lat' dir='ltr'>esse</span> <span class='ocrx_word' id='word_1_99' title='bbox 693 2022 910 2098; x_wconf 90' lang='lat' dir='ltr'>dedendum.</span> <span class='ocrx_word' id='word_1_100' title='bbox 932 2025 1058 2098; x_wconf 76' lang='lat' dir='ltr'>⁵Cuius</span> <span class='ocrx_word' id='word_1_101' title='bbox 1077 2019 1242 2097; x_wconf 84' lang='lat' dir='ltr'>Metellus</span> <span class='ocrx_word' id='word_1_102' title='bbox 1256 2025 1378 2122; x_wconf 86' lang='lat' dir='ltr'>ponti-</span> 
     </span>
     <span class='ocr_line' id='line_1_15' title="bbox 323 2135 1376 2244; baseline 0 -34"><span class='ocrx_word' id='word_1_103' title='bbox 323 2135 398 2227; x_wconf 83' lang='lat' dir='ltr'>fex,</span> <span class='ocrx_word' id='word_1_104' title='bbox 417 2138 565 2222; x_wconf 82' lang='lat' dir='ltr'>ardente</span> <span class='ocrx_word' id='word_1_105' title='bbox 579 2140 714 2244; x_wconf 80' lang='lat' dir='ltr'>templo</span> <span class='ocrx_word' id='word_1_106' title='bbox 727 2145 859 2232; x_wconf 81' lang='lat' dir='ltr'>Vestae,</span> <span class='ocrx_word' id='word_1_107' title='bbox 874 2138 1074 2216; x_wconf 85' lang='lat' dir='ltr'>Palladium</span> <span class='ocrx_word' id='word_1_108' title='bbox 1088 2137 1228 2228; x_wconf 81' lang='lat' dir='ltr'>extulit,</span> <span class='ocrx_word' id='word_1_109' title='bbox 1244 2154 1280 2210; x_wconf 92' lang='lat' dir='ltr'>et</span> <span class='ocrx_word' id='word_1_110' title='bbox 1294 2164 1376 2212; x_wconf 88' lang='lat' dir='ltr'>oeu-</span> 
     </span>
     <span class='ocr_line' id='line_1_16' title="bbox 323 2249 520 2328; baseline 0.025 -6"><span class='ocrx_word' id='word_1_111' title='bbox 323 2249 377 2324; x_wconf 85' lang='lat' dir='ltr'>los</span> <span class='ocrx_word' id='word_1_112' title='bbox 393 2257 520 2328; x_wconf 89' lang='lat' dir='ltr'>amisit.</span> 
     </span>
    </p>
   </div>
   <div class='ocr_carea' id='block_1_3' title="bbox 339 2513 1362 2540">
    <p class='ocr_par' dir='ltr' id='par_1_3' title="bbox 339 2513 1362 2540">
     <span class='ocr_line' id='line_1_17' title="bbox 339 2513 1362 2540; baseline -0.007 -2"><span class='ocrx_word' id='word_1_113' title='bbox 339 2515 1021 2540; x_wconf 61' lang='lat' dir='ltr'>mmmmfflmnmm</span> <span class='ocrx_word' id='word_1_114' title='bbox 1025 2513 1362 2534; x_wconf 63' lang='lat' dir='ltr'>mmmm</span> 
     </span>
    </p>
   </div>
   <div class='ocr_carea' id='block_1_4' title="bbox 783 2695 911 2778">
    <p class='ocr_par' dir='ltr' id='par_1_4' title="bbox 783 2695 911 2778">
     <span class='ocr_line' id='line_1_18' title="bbox 783 2695 911 2778; baseline 0 -4"><span class='ocrx_word' id='word_1_115' title='bbox 783 2695 911 2778; x_wconf 89' lang='lat' dir='ltr'>XXI.</span> 
     </span>
    </p>
   </div>
   <div class='ocr_carea' id='block_1_5' title="bbox 289 2895 1317 3042">
    <p class='ocr_par' dir='ltr' id='par_1_5' title="bbox 289 2895 1317 3042">
     <span class='ocr_line' id='line_1_19' title="bbox 289 2895 1317 3042; baseline -0.007 -19"><span class='ocrx_word' id='word_1_116' title='bbox 289 2895 292 2904; x_wconf 86' lang='lat'><strong>·</strong></span> <span class='ocrx_word' id='word_1_117' title='bbox 378 2951 477 3042; x_wconf 81' lang='lat' dir='ltr'>Qut</span> <span class='ocrx_word' id='word_1_118' title='bbox 504 2947 704 3020; x_wconf 82' lang='lat' dir='ltr'><strong>SPOLIA</strong></span> <span class='ocrx_word' id='word_1_119' title='bbox 729 2950 908 3022; x_wconf 81' lang='lat' dir='ltr'>OPlMA</span> <span class='ocrx_word' id='word_1_120' title='bbox 933 2948 1317 3022; x_wconf 85' lang='lat' dir='ltr'>RETULERUNT.</span> 
     </span>
    </p>
   </div>
   <div class='ocr_carea' id='block_1_6' title="bbox 314 3205 1376 3538">
    <p class='ocr_par' dir='ltr' id='par_1_6' title="bbox 314 3205 1376 3538">
     <span class='ocr_line' id='line_1_20' title="bbox 369 3205 1376 3306; baseline -0.006 -24"><span class='ocrx_word' id='word_1_121' title='bbox 369 3206 541 3282; x_wconf 87' lang='lat' dir='ltr'>Romulus</span> <span class='ocrx_word' id='word_1_122' title='bbox 567 3205 613 3278; x_wconf 91' lang='lat' dir='ltr'>de</span> <span class='ocrx_word' id='word_1_123' title='bbox 638 3207 779 3280; x_wconf 81' lang='lat' dir='ltr'>Acrone</span> <span class='ocrx_word' id='word_1_124' title='bbox 810 3209 1080 3280; x_wconf 87' lang='lat' dir='ltr'>¹Ceninensium</span> <span class='ocrx_word' id='word_1_125' title='bbox 1111 3231 1205 3306; x_wconf 77' lang='lat' dir='ltr'>rege.</span> <span class='ocrx_word' id='word_1_126' title='bbox 1235 3207 1376 3278; x_wconf 84' lang='lat' dir='ltr'>Cassius</span> 
     </span>
     <span class='ocr_line' id='line_1_21' title="bbox 319 3319 1375 3422; baseline -0.005 -24"><span class='ocrx_word' id='word_1_127' title='bbox 319 3321 508 3400; x_wconf 89' lang='lat' dir='ltr'>Cornelius</span> <span class='ocrx_word' id='word_1_128' title='bbox 527 3321 572 3396; x_wconf 90' lang='lat' dir='ltr'>de</span> <span class='ocrx_word' id='word_1_129' title='bbox 590 3319 723 3394; x_wconf 60' lang='lat' dir='ltr'>Irarthe</span> <span class='ocrx_word' id='word_1_130' title='bbox 739 3321 917 3398; x_wconf 88' lang='lat' dir='ltr'>Tolumne</span> <span class='ocrx_word' id='word_1_131' title='bbox 937 3325 1141 3396; x_wconf 86' lang='lat' dir='ltr'>Veientium</span> <span class='ocrx_word' id='word_1_132' title='bbox 1157 3347 1252 3422; x_wconf 74' lang='lat' dir='ltr'>rege.</span> <span class='ocrx_word' id='word_1_133' title='bbox 1272 3320 1375 3394; x_wconf 86' lang='lat' dir='ltr'>Clau·</span> 
     </span>
     <span class='ocr_line' id='line_1_22' title="bbox 314 3435 1243 3538; baseline -0.004 -26"><span class='ocrx_word' id='word_1_134' title='bbox 314 3439 399 3512; x_wconf 79' lang='lat' dir='ltr'>dius</span> <span class='ocrx_word' id='word_1_135' title='bbox 414 3435 605 3511; x_wconf 87' lang='lat' dir='ltr'>Marcellus</span> <span class='ocrx_word' id='word_1_136' title='bbox 622 3436 668 3510; x_wconf 89' lang='lat' dir='ltr'>de</span> <span class='ocrx_word' id='word_1_137' title='bbox 684 3437 926 3511; x_wconf 89' lang='lat' dir='ltr'>Virodomaro</span> <span class='ocrx_word' id='word_1_138' title='bbox 943 3463 1028 3538; x_wconf 76' lang='lat' dir='ltr'>rege</span> <span class='ocrx_word' id='word_1_139' title='bbox 1044 3435 1243 3511; x_wconf 85' lang='lat' dir='ltr'>Gallorum.</span> 
     </span>
    </p>
   </div>
   <div class='ocr_carea' id='block_1_7' title="bbox 318 3624 1375 4010">
    <p class='ocr_par' dir='ltr' id='par_1_7' title="bbox 320 3624 1374 3679">
     <span class='ocr_line' id='line_1_23' title="bbox 320 3624 1374 3679; baseline 0 -1"><span class='ocrx_word' id='word_1_140' title='bbox 320 3644 450 3679; x_wconf 74' lang='lat' dir='ltr'>«manum</span> <span class='ocrx_word' id='word_1_141' title='bbox 487 3624 696 3678; x_wconf 78' lang='lat' dir='ltr'>liberaverunt·</span> <span class='ocrx_word' id='word_1_142' title='bbox 733 3625 825 3678; x_wconf 78' lang='lat' dir='ltr'>Malim</span> <span class='ocrx_word' id='word_1_143' title='bbox 866 3641 905 3679; x_wconf 83' lang='lat' dir='ltr'>est</span> <span class='ocrx_word' id='word_1_144' title='bbox 919 3629 1035 3679; x_wconf 87' lang='lat' dir='ltr'>Perizon.</span> <span class='ocrx_word' id='word_1_145' title='bbox 1054 3625 1192 3679; x_wconf 80' lang='lat' dir='ltr'>Animadv.</span> <span class='ocrx_word' id='word_1_146' title='bbox 1211 3645 1234 3676; x_wconf 86' lang='lat' dir='ltr'>c.</span> <span class='ocrx_word' id='word_1_147' title='bbox 1250 3627 1273 3677; x_wconf 89' lang='lat' dir='ltr'>V</span> <span class='ocrx_word' id='word_1_148' title='bbox 1289 3625 1374 3678; x_wconf 83' lang='lat' dir='ltr'>infin.</span> 
     </span>
    </p>

    <p class='ocr_par' dir='ltr' id='par_1_8' title="bbox 319 3704 1354 3778">
     <span class='ocr_line' id='line_1_24' title="bbox 319 3704 1354 3778; baseline 0.001 -19"><span class='ocrx_word' id='word_1_149' title='bbox 319 3709 438 3761; x_wconf 74' lang='lat' dir='ltr'>«monui</span> <span class='ocrx_word' id='word_1_150' title='bbox 451 3709 595 3760; x_wconf 84' lang='lat' dir='ltr'>exercitum</span> <span class='ocrx_word' id='word_1_151' title='bbox 607 3704 703 3778; x_wconf 86' lang='lat' dir='ltr'>Populi</span> <span class='ocrx_word' id='word_1_152' title='bbox 711 3705 824 3759; x_wconf 79' lang='lat' dir='ltr'>Romani</span> <span class='ocrx_word' id='word_1_153' title='bbox 900 3707 925 3760; x_wconf 81' lang='lat'>5.</span> <span class='ocrx_word' id='word_1_154' title='bbox 942 3709 1021 3760; x_wconf 80' lang='lat' dir='ltr'>Gaius</span> <span class='ocrx_word' id='word_1_155' title='bbox 1029 3706 1160 3760; x_wconf 74' lang='lat' dir='ltr'>Metellus.</span> <span class='ocrx_word' id='word_1_156' title='bbox 1174 3704 1239 3758; x_wconf 83' lang='lat' dir='ltr'>Aliis</span> <span class='ocrx_word' id='word_1_157' title='bbox 1252 3707 1354 3760; x_wconf 80' lang='lat' dir='ltr'>Lurius.</span> 
     </span>
    </p>

    <p class='ocr_par' dir='ltr' id='par_1_9' title="bbox 318 3786 1375 3853">
     <span class='ocr_line' id='line_1_25' title="bbox 318 3786 1375 3853; baseline -0.003 -14"><span class='ocrx_word' id='word_1_158' title='bbox 318 3809 331 3834; x_wconf 79' lang='grc' dir='ltr'>ι</span> <span class='ocrx_word' id='word_1_159' title='bbox 340 3786 550 3841; x_wconf 75' lang='lat' dir='ltr'>liberaverunt·</span> <span class='ocrx_word' id='word_1_160' title='bbox 568 3786 643 3853; x_wconf 53' lang='lat' dir='ltr'>vals</span> <span class='ocrx_word' id='word_1_161' title='bbox 652 3809 663 3832; x_wconf 80' lang='grc' dir='ltr'>ι</span> <span class='ocrx_word' id='word_1_162' title='bbox 673 3796 759 3838; x_wconf 85' lang='lat' dir='ltr'>morte</span> <span class='ocrx_word' id='word_1_163' title='bbox 774 3805 823 3838; x_wconf 81' lang='lat' dir='ltr'>sue</span> <span class='ocrx_word' id='word_1_164' title='bbox 899 3787 958 3840; x_wconf 77' lang='lat' dir='ltr'>Car.</span> <span class='ocrx_word' id='word_1_165' title='bbox 973 3789 1041 3840; x_wconf 83' lang='lat' dir='ltr'>XXI.</span> <span class='ocrx_word' id='word_1_166' title='bbox 1054 3817 1090 3830; x_wconf 88' lang='lat'><em>-</em></span> <span class='ocrx_word' id='word_1_167' title='bbox 1102 3788 1298 3840; x_wconf 71' lang='lat' dir='ltr'>ceninensium.</span> <span class='ocrx_word' id='word_1_168' title='bbox 1319 3789 1375 3840; x_wconf 76' lang='lat' dir='ltr'>(¹ae-</span> 
     </span>
    </p>

    <p class='ocr_par' dir='ltr' id='par_1_10' title="bbox 319 3865 1375 4010">
     <span class='ocr_line' id='line_1_26' title="bbox 319 3865 1375 3934; baseline -0.001 -15"><span class='ocrx_word' id='word_1_169' title='bbox 319 3889 331 3912; x_wconf 85' lang='lat'><strong>·</strong></span> <span class='ocrx_word' id='word_1_170' title='bbox 341 3869 486 3919; x_wconf 81' lang='lat' dir='ltr'>exercitum</span> <span class='ocrx_word' id='word_1_171' title='bbox 500 3869 527 3919; x_wconf 85' lang='lat' dir='ltr'>P.</span> <span class='ocrx_word' id='word_1_172' title='bbox 541 3869 572 3918; x_wconf 84' lang='lat' dir='ltr'>R.</span> <span class='ocrx_word' id='word_1_173' title='bbox 588 3866 628 3918; x_wconf 68' lang='grc' dir='ltr'>Ι.»</span> <span class='ocrx_word' id='word_1_174' title='bbox 863 3867 1022 3921; x_wconf 66' lang='lat' dir='ltr'>sinensium.</span> <span class='ocrx_word' id='word_1_175' title='bbox 1032 3869 1144 3934; x_wconf 83' lang='lat' dir='ltr'>Etmox,</span> <span class='ocrx_word' id='word_1_176' title='bbox 1155 3867 1251 3933; x_wconf 80' lang='lat' dir='ltr'>Cossus,</span> <span class='ocrx_word' id='word_1_177' title='bbox 1262 3865 1375 3918; x_wconf 65' lang='lat' dir='ltr'>attane</span> 
     </span>
     <span class='ocr_line' id='line_1_27' title="bbox 352 3943 1016 4010; baseline -0.005 -12"><span class='ocrx_word' id='word_1_178' title='bbox 352 3946 376 4010; x_wconf 69' lang='grc'>4.</span> <span class='ocrx_word' id='word_1_179' title='bbox 408 3946 522 4000; x_wconf 75' lang='lat' dir='ltr'>Fulvius.</span> <span class='ocrx_word' id='word_1_180' title='bbox 558 3947 656 4000; x_wconf 79' lang='lat' dir='ltr'>Fabius.</span> <span class='ocrx_word' id='word_1_181' title='bbox 686 3943 822 3999; x_wconf 73' lang='lat' dir='ltr'>Videndus</span> <span class='ocrx_word' id='word_1_182' title='bbox 865 3943 1016 3999; x_wconf 82' lang='lat' dir='ltr'>Tolumnio.</span> 
     </span>
    </p>
   </div>
   <div class='ocr_carea' id='block_1_8' title="bbox 773 4167 912 4184">
    <p class='ocr_par' dir='ltr' id='par_1_11' title="bbox 773 4167 912 4184">
     <span class='ocr_line' id='line_1_28' title="bbox 773 4167 912 4184; baseline -0.014 0"><span class='ocrx_word' id='word_1_183' title='bbox 773 4167 912 4184; x_wconf 55' lang='grc' dir='ltr'><strong><em>ψ</em></strong></span> 
     </span>
    </p>
   </div>
   <div class='ocr_carea' id='block_1_9' title="bbox 0 0 1518 4955">
    <p class='ocr_par' dir='ltr' id='par_1_12' title="bbox 0 0 1518 4955">
     <span class='ocr_line' id='line_1_29' title="bbox 0 0 1518 4955; baseline 0 0"><span class='ocrx_word' id='word_1_184' title='bbox 0 0 1518 4955; x_wconf 95' lang='lat' dir='ltr'> </span> 
     </span>
    </p>
   </div>
  </div>
 </body>
</html>
