3156 4950
282 475 341 540 iss
603 479 640 540 1..
664 479 824 544 inunt
848 423 995 545 aloru
1033 551 1037 571 ,

230 625 257 662 ιι
277 611 350 668 stra
369 602 642 695 penetravimus.
662 602 826 674 Introisse
847 604 997 674 victoria
1017 599 1103 674 fuit:
1123 628 1205 674 nam
1222 627 1326 674 num·

190 747 195 757 ·
277 736 386 812 quam
409 726 533 810 postea
557 739 659 786 ausus
684 715 855 815 congredi
878 741 954 806 rex,
976 715 1023 788 ad
1045 716 1217 807 tumulos,
1236 742 1326 816 quos

278 824 547 925 Cynocephalas
567 845 713 920 vocant,
730 855 820 921 uno,
842 855 884 902 ac
907 856 953 903 ne
978 829 1048 903 hoc
1065 832 1211 931 quidem
1230 832 1325 929 justo

229 968 260 1005 n
278 941 402 1040 praelio
417 947 643 1041 opprimitur.
654 947 700 1017 Et
711 943 761 1016 illi
773 945 919 1045 quidem
933 946 1056 1019 consul
1067 974 1196 1046 pacem
1208 947 1324 1035 dedit,

278 1083 499 1158 regnumque
511 1064 700 1134 concessit:
715 1087 814 1152 mox,
826 1087 870 1133 ne
882 1061 970 1163 quid
981 1079 1072 1135 esset
1086 1061 1326 1154 hostile,The·

278 1171 360 1263 bas,
372 1189 408 1244 et
419 1173 612 1267 Euboeam,
626 1193 661 1250 et
672 1195 888 1278 grassantem
902 1177 968 1252 sub
985 1178 1124 1253 Nabide
1140 1207 1204 1253 suo
1220 1182 1325 1251 Lace-

118 1363 130 1386 ,
231 1301 262 1354 13
281 1288 444 1362 daemona
468 1296 698 1390 compescuit.
727 1294 873 1366 Graeciae
898 1319 983 1367 vero
1012 1312 1171 1368 veterem
1197 1310 1327 1366 statum

281 1401 455 1495 reddidit,
481 1421 522 1476 ut
545 1403 681 1504 legibus
705 1409 840 1480 viveret
867 1411 951 1498 suis,
978 1425 1014 1482 et
1044 1414 1138 1482 avita
1163 1406 1327 1482 libertate

232 1529 266 1598 ¹4
282 1515 469 1591 frueretur.
497 1520 586 1610 Quae
608 1519 756 1619 gaudia,
774 1547 852 1620 quae
872 1521 1145 1620 vociferationes
1166 1520 1327 1610 luerunt,

282 1658 394 1731 quum
414 1631 484 1706 hoc
508 1631 601 1706 forte
622 1636 764 1708 Nemeae
786 1639 823 1706 in
847 1633 987 1708 theatro
1011 1633 1329 1735 quinquennalibus

281 1745 405 1820 ludisa
414 1773 579 1846 praecone
591 1750 877 1849 canereturlquo
893 1767 1074 1823 certavere
1089 1749 1232 1849 plausui
1243 1747 1331 1849 quid
1360 1811 1363 1819 .

233 1859 265 1916 ¹⁵
283 1863 414 1936 florum
423 1867 460 1935 in
473 1863 654 1938 consulem
667 1863 922 1965 profuderunt?
931 1870 976 1940 Et
987 1872 1117 1939 iterum
1130 1871 1331 1964 iterumque
1397 1921 1406 1930 .

283 2007 486 2080 praeconem
501 1969 662 2083 repetere
677 1982 775 2055 illam
790 2010 918 2057 vocem
931 1983 1124 2083 jubebant,
1140 2009 1210 2082 qua
1222 1980 1332 2073 liber-

283 2117 405 2173 clanstra.
422 2123 460 2174 Ita
477 2119 538 2193 lego
556 2140 616 2174 cnm
630 2121 738 2174 nutem
755 2141 787 2174 ex
827 2123 891 2174 novi
903 2124 992 2175 Rome
1005 2121 1086 2174 creati
1096 2118 1218 2171 consules
1230 2130 1332 2184 essent,

285 2203 443 2252 auctoritate
453 2202 524 2254 MSS.
539 2201 653 2254 Dederat
667 2221 698 2254 ex
709 2203 787 2272 inge·
827 2213 857 2251 ut
867 2199 948 2252 docet
957 2202 1045 2252 Livius
1055 2199 1127 2250 xxii
1133 2235 1141 2264 ,
1150 2199 1182 2250 28
1193 2219 1199 2249 ι
1210 2199 1332 2267 suspicor

285 2281 330 2330 nio
346 2279 506 2349 Salmasius,
519 2281 546 2332 id
558 2290 607 2346 est,
625 2283 680 2353 ipsa
696 2283 788 2333 Mace·
827 2280 934 2334 licuisse
943 2279 996 2332 hoc
1005 2280 1108 2332 auctori
1119 2279 1146 2328 in
1157 2279 1278 2328 Romano
1288 2277 1334 2327 im-

285 2359 371 2410 donioe
386 2359 516 2412 classem:
535 2379 614 2430 quem
631 2359 727 2412 deinde
745 2360 790 2412 elii
829 2372 965 2431 peratore,
976 2360 1019 2411 cui
1029 2357 1269 2430 postconsulatum
1278 2373 1334 2426 ges·

286 2439 372 2489 secuti
392 2451 464 2491 sunt.
485 2439 616 2510 Equidem
636 2457 790 2510 respuerem
830 2452 904 2507 tum,
920 2439 1061 2510 imperium
1078 2437 1220 2509 provinciae
1235 2451 1333 2486 consu-

285 2511 314 2567 el
326 2515 354 2567 id
365 2528 416 2582 est,
431 2519 533 2568 etiamsi
546 2536 600 2568 non
614 2535 705 2571 omnes
716 2517 788 2571 MSS.
829 2517 892 2570 laris
901 2519 1140 2590 prorogatum'est,
1150 2513 1288 2578 donec,nt
1297 2513 1334 2564 ait

286 2594 331 2647 hic
343 2609 508 2667 respuerent.
518 2599 607 2649 Trrza.
830 2599 933 2664 livius,
941 2614 1079 2650 successor
1089 2595 1126 2646 illi
1134 2595 1255 2645 venisset.
1265 2593 1334 2642 Nam

326 2690 366 2726 rr.
381 2676 503 2729 Introisse
517 2677 624 2729 victoria
635 2675 701 2748 ficit.
716 2677 791 2730 Mon·
831 2693 922 2729 revera
932 2677 992 2728 talis
1002 2677 1147 2746 imperator
1157 2674 1185 2724 in
1197 2671 1334 2744 provincia

287 2769 426 2820 rmoutru,
436 2757 510 2808 Essni
518 2774 562 2808 rur
573 2754 597 2807 le
608 2757 694 2808 cort.-
709 2779 720 2802 ι
730 2755 792 2809 Flo·
831 2757 960 2830 pergebat
969 2756 1105 2810 consulem
1114 2772 1199 2825 agere.
1208 2753 1336 2804 Hincnon

288 2849 330 2884 rus
348 2852 413 2886 nous
427 2833 512 2886 dentre
531 2852 583 2885 une
598 2833 654 2885 iside
673 2834 705 2885 de
723 2843 792 2886 toute
833 2830 1336 2908 audiocriticos,quipropterhocno·

289 2913 316 2966 iu
330 2933 422 2989 querrc
437 2915 469 2967 de
485 2916 654 2981 Mncddoine,
668 2917 760 2988 quand
772 2914 793 2967 il
833 2935 894 2968 men
906 2914 1016 2968 Florum
1031 2913 1128 2967 erroris
1145 2907 1334 2964 condemnant.

289 2993 343 3047 dit.-
356 2997 437 3046 ceint
450 2997 555 3048 rainere
568 3013 619 3065 que
634 2993 675 3068 d’y
688 3009 792 3058 entrer;
832 2995 920 3047 Trans.

291 3074 406 3128 introisse
428 3076 533 3127 uictoria
546 3075 636 3147 fnit.»
657 3105 692 3114 -
707 3075 792 3126 Ne...
873 3071 913 3138 14.
932 3073 995 3142 Quoe
1011 3069 1122 3145 pendia,
1139 3085 1197 3141 quoe
1213 3065 1338 3137 vocifera·

283 3156 365 3226 justo.
382 3156 443 3205 Non
457 3157 560 3226 justum
576 3153 694 3225 prelium
712 3153 793 3220 dicit,
835 3151 924 3204 tiones.
951 3153 1158 3214 Monaesournu,
1189 3144 1286 3200 Grand.
1312 3155 1338 3195 et

291 3232 380 3305 qnod,
393 3252 475 3304 quum
489 3248 583 3287 neuter
594 3233 693 3286 ducum
705 3253 737 3285 eo
750 3234 794 3286 die
834 3231 931 3284 Decad.
950 3232 992 3286 des
1007 3231 1096 3295 Rom,
1118 3228 1192 3299 ehap.
1216 3225 1249 3278 5:
1272 3247 1283 3270 ι
1296 3225 1339 3276 On

291 3312 451 3363 decrevisset
462 3310 605 3376 dimicare,
619 3331 707 3382 neque
718 3331 793 3365 exer·
835 3312 889 3362 voit
898 3311 955 3362 bien
966 3327 1064 3384 queres
1074 3305 1166 3379 petitos
1177 3301 1339 3375 republiqnes

292 3391 359 3440 citus
381 3407 396 3440 e
417 3390 510 3440 castris
532 3389 636 3456 educti,
656 3409 706 3442 nec
724 3393 795 3444 acies
834 3389 885 3462 (de
906 3389 932 3442 la
950 3389 1053 3454 Gracc)
1074 3405 1107 3438 ne
1123 3384 1269 3456 pouvaient
1287 3383 1340 3434 erre

290 3471 422 3520 instructu
430 3469 651 3540 fuissent,primo
659 3482 794 3522 certamen
835 3489 886 3542 que
903 3468 1082 3542 dependentes.
1102 3466 1149 3517 Les
1169 3464 1245 3516 Grces
1260 3481 1286 3516 se
1306 3460 1340 3513 li·

291 3547 794 3618 interpaucoscontractum,acdeinde
836 3551 1014 3602 mercatione
1015 3543 1342 3620 joiestupide,etcmrent

292 3627 555 3699 subsidiisutrimque
563 3629 648 3680 missis
655 3627 795 3700 paullatim
836 3633 888 3684 etre
909 3628 982 3683 libres
999 3647 1033 3681 en
1055 3626 1137 3699 esset,
1158 3642 1285 3697 parceque
1304 3620 1340 3674 ies

291 3719 400 3758 auctum
410 3707 511 3772 fuerat,
522 3708 559 3759 ita
570 3707 796 3760 utadextremurn
835 3709 960 3764 Romeins
980 3705 1015 3760 ies
1033 3706 1192 3759 deciamient
1210 3702 1285 3755 tels·
1303 3729 1340 3740 -

293 3786 795 3860 omnibuscopiisdimicereturfflolyb.
838 3783 1341 3863 Quinquennaiibnslndis.MaleNoster

293 3866 617 3931 xvt,e11.tv.xxx111,
635 3883 659 3936 7.
676 3868 796 3919 Faernus.
839 3868 1053 3940 quinquennales
1072 3865 1155 3930 facit,
1172 3863 1218 3932 qui
1236 3871 1341 3912 tantum

333 3947 797 4020 12.Gonsnlpacerndedit.Consulern
839 3945 982 4000 triennales
990 3947 1073 3998 inere.
1082 3945 1151 3996 Nam
1161 3959 1253 3993 revera
1262 3940 1340 3991 tertio

295 4027 413 4079 nominet
424 4027 518 4080 Florus
530 4028 561 4080 T.
575 4029 729 4096 Quinctium
742 4028 799 4081 Fla·
837 4044 946 4098 quoque
964 4043 1034 4078 enno
1052 4022 1081 4075 hi
1096 4020 1154 4074 ludi
1169 4018 1342 4072 celebraban-

229 4129 235 4140 ·
295 4104 441 4168 mininam,
462 4119 489 4156 et
508 4103 561 4158 hoc
582 4105 642 4158 loco
660 4121 686 4160 et
705 4106 797 4178 paullo
837 4119 890 4171 tur,
902 4097 1244 4172 undetyliqim‘pnessn
1255 4092 1341 4166 spineis

294 4184 405 4236 inferius
419 4183 528 4249 iterum,
542 4187 660 4254 quamvis
673 4197 728 4236 turn
741 4187 797 4255 jam
838 4181 925 4236 dictus
938 4195 985 4234 est.
