3102 4942
314 565 371 608 ιι·
707 544 769 607 DE
793 532 982 608 FLORO‘

308 670 417 731 sinsin
439 667 602 727 Alexandri
621 667 727 747 Magni
746 669 826 742 vira,
846 664 948 748 quod,
963 685 1061 747 quum
1078 677 1232 726 narrasset
1250 661 1356 727 eadem

308 779 399 826 nocte
415 778 523 825 natum
541 761 766 838 Alexandrum,
779 777 808 823 et
822 762 961 845 Ephesia
973 763 1082 822 Dianae
1094 761 1247 844 templum
1263 763 1357 824 della⁴

307 883 432 944 grasse,
446 859 623 941 subjecerit,
639 861 767 920 minime
787 860 817 919 id
836 881 898 921 esse
917 859 1114 935 mirandum,
1133 861 1217 940 quod
1240 862 1356 936 Diana,

309 975 407 1042 quum
428 960 461 1017 in
479 969 570 1040 partu
589 955 735 1016 voluisset
752 955 932 1040 Olympiadi
952 956 1071 1032 adesse,
1093 955 1230 1018 abfuerit
1251 957 1356 1018 domo.

308 1058 443 1116 Tantum
460 1057 493 1114 in
508 1053 568 1114 hoc
584 1053 667 1113 dicto
685 1052 781 1134 frigus
795 1075 858 1114 esse
874 1052 1020 1136 praedicat
1036 1053 1235 1130 Plutarchus,
1253 1071 1287 1114 ut
1307 1075 1358 1116 ex·
1421 1133 1423 1140 y

310 1155 462 1235 stinguere
472 1164 573 1235 posset
583 1153 685 1234 ipsum
693 1151 871 1212 incendium
880 1151 969 1226 illud,
976 1151 1063 1234 quod
1075 1153 1226 1234 templum
1237 1151 1359 1228 delevit,

288 1301 290 1308 ,
310 1252 450 1334 quamvis
463 1271 527 1310 non
541 1251 683 1332 ignorem
697 1249 728 1309 id
740 1249 861 1310 laudari
875 1271 893 1309 a
905 1249 1104 1311 disertissimo
1119 1251 1245 1311 Romuli
1262 1273 1359 1334 nepo·

309 1365 393 1426 tum,
411 1348 605 1430 adscribique
618 1349 747 1408 Timaeo.
763 1349 819 1408 Sed
832 1347 983 1429 judicium
1003 1347 1161 1409 Plutarchi
1179 1347 1229 1410 hic
1248 1351 1358 1410 merito

309 1449 469 1530 probatur.
480 1447 596 1505 Verum
609 1465 675 1504 non
688 1447 791 1506 minus
802 1445 915 1526 frigida
925 1458 969 1505 cst
980 1448 1130 1506 sententia
1140 1447 1239 1522 Flori,
1249 1447 1303 1507 lib.
1314 1447 1358 1520 Il,

309 1566 376 1627 cap.
393 1547 427 1618 8,
443 1563 541 1624 quum
560 1543 640 1602 inter
656 1541 800 1624 prodigia
817 1541 968 1603 retulisset
986 1545 1164 1604 Cumanum
1181 1541 1358 1627 Apollinem

309 1642 449 1717 sudasse,
467 1640 656 1716 acutissime,
674 1640 699 1700 si
714 1639 772 1699 diis
785 1639 904 1722 placet,
920 1639 1042 1720 adjicit:
1065 1671 1079 1697 ιι
1089 1642 1144 1702 Sed
1161 1641 1211 1702 hic
1226 1639 1359 1704 laventis

312 1767 326 1796 ιι
336 1742 414 1800 dsiae
427 1761 488 1800 suae
505 1739 643 1798 numinis
658 1739 753 1798 timor
765 1751 839 1800 erat.
850 1765 864 1794 ιι
881 1737 1053 1800 Murrbedii
1066 1753 1225 1823 stuporem
1239 1753 1360 1801 accusat

309 1840 436 1911 Seneca,
445 1835 530 1917 quod
543 1835 576 1894 in
587 1833 811 1896 declamatione
821 1836 859 1896 de
869 1834 1024 1918 Pompilio
1035 1836 1168 1914 ferente,
1178 1858 1249 1897 curn
1260 1839 1360 1919 capite

310 1923 467 1995 Ciceronis
488 1947 681 2014 amputatam
702 1953 831 1992 manum
853 1934 985 1994 dixerit:
1006 1959 1020 1989 ιι
1031 1933 1156 2011 Quanto
1181 1933 1270 1995 aliter
1291 1956 1360 1995 reus

312 2032 493 2092 “Ciceronis
507 2031 631 2090 tenebat
643 2030 793 2090 manum?
802 2055 823 2092 ιι,
835 2031 930 2113 AEque
943 2031 1103 2113 stupidum
1119 2045 1162 2092 est
1179 2031 1261 2091 istud
1274 2030 1359 2091 Flori

309 2131 344 2188 in
359 2130 442 2189 libro
460 2130 490 2204 l,
510 2149 562 2203 ro,
579 2127 617 2188 de
631 2129 726 2187 Bruto
740 2128 912 2211 exspirante
929 2130 962 2187 in
979 2131 1120 2204 Aruntis,
1133 2150 1226 2210 quem
1241 2126 1361 2189 occide·

310 2240 372 2301 rat,
386 2245 535 2307 corpore,
554 2251 568 2280 ιι
579 2225 687 2307 plane,
702 2225 820 2305 inquit,
835 2226 921 2307 quasi
939 2224 1115 2286 adulterum
1130 2227 1168 2286 ad
1184 2225 1301 2287 inferos
1317 2247 1361 2286 se-

313 2336 489 2405 uqueretur.
501 2348 515 2379 ιι
532 2325 603 2383 Non
619 2325 723 2383 minus
740 2321 833 2382 hebet
855 2345 1002 2400 acumen,
1024 2322 1077 2384 lib.
1099 2325 1145 2400 ll,
1165 2347 1231 2407 cap.
1258 2345 1307 2400 ra,
1323 2323 1361 2384 de

310 2419 434 2481 duobus
454 2419 638 2501 juvenibus,
660 2421 715 2502 qui
735 2419 915 2481 ferebantur
936 2420 975 2480 ad
998 2423 1140 2481 Juturnae
1159 2421 1260 2482 lacum
1279 2441 1360 2481 nun-

311 2520 404 2579 ciasse
415 2519 578 2578 victoriam
590 2518 628 2577 de
638 2520 759 2594 Perseo,
772 2517 827 2578 illo
841 2519 891 2579 die
904 2539 967 2600 quo
976 2530 1062 2602 parta
1073 2531 1152 2595 erat,
1163 2541 1241 2601 quos
1250 2518 1361 2599 vulgus

311 2615 473 2678 crediderit
486 2614 577 2675 fuisse
587 2615 746 2676 Pollucem
758 2631 788 2676 et
800 2617 973 2693 Castorem,
987 2618 1071 2700 quod
1085 2617 1202 2700 gemini
1216 2616 1360 2689 fuissent,

312 2713 398 2794 quod
418 2715 568 2794 sanguine
585 2713 760 2789 maderent,
779 2714 861 2776 bello
884 2714 1069 2776 interfuisse.
1088 2717 1117 2776 Si
1135 2715 1187 2775 hic
1205 2714 1360 2788 desiisset,

311 2831 378 2869 nou
399 2812 579 2893 ineptiisscu
598 2811 654 2871 Sed
676 2831 747 2871 curn
770 2812 928 2894 prioribus
949 2813 1100 2888 adnectit,
1117 2834 1159 2872 aa
1178 2811 1362 2872 Macedonia

314 2933 328 2962 ιι
339 2909 461 2982 venire,
475 2909 559 2988 quod
579 2907 679 2970 adhuc
693 2908 891 2984 anhelarent,
901 2935 915 2966 ιι
934 2908 1013 2968 nihil
1030 2910 1134 2992 potuit
1149 2907 1250 2969 dicere
1265 2905 1362 2968 insul·

311 3006 383 3064 sius.
397 3004 473 3081 Quis
487 3027 523 3065 ex
536 3005 614 3066 alius
628 3005 767 3067 anhelitu
779 3005 924 3088 conjiciat
930 3019 989 3082 ,'ex
1004 3027 1067 3089 quo
1080 3005 1148 3067 loco
1161 3004 1283 3066 veniat?
1293 3003 1362 3064 Col-

311 3101 388 3182 ligas
400 3123 434 3162 ex
450 3101 591 3164 anhelitu
602 3105 711 3164 itincre
724 3104 862 3165 celeriter
873 3125 935 3164 esse
947 3104 1129 3165 defunctum
1147 3102 1361 3175 anhelantem,

312 3199 444 3258 sednon
460 3201 544 3260 unde
561 3202 672 3261 veniat.
688 3201 793 3276 Quid?
809 3201 893 3260 diine
905 3202 961 3262 viae
976 3200 1137 3261 laboribus
1151 3199 1322 3278 fatigantur
1333 3211 1364 3257 et

312 3294 546 3373 exhauriuntur,
566 3310 601 3357 ut
622 3296 786 3358 anhelent?
799 3298 912 3356 Praeter
928 3295 993 3356 haec
1013 3299 1045 3355 in
1066 3295 1164 3354 verbis
1181 3304 1211 3353 et
1225 3292 1363 3354 dictione

313 3413 407 3474 quarn
421 3393 520 3453 multa
541 3393 713 3466 maculosa,
733 3404 763 3450 et
783 3412 851 3472 quoe
869 3387 933 3450 n'on
955 3389 1056 3450 solum
1076 3391 1114 3450 ab
1134 3389 1296 3450 emendate
1316 3391 1362 3450 lo·

313 3491 474 3568 quentium
487 3489 708 3550 consuetudine
722 3499 794 3546 sunt
806 3487 922 3562 aliena,
934 3486 986 3547 sed
1003 3499 1033 3546 et
1049 3486 1088 3546 ah
1104 3487 1268 3562 omnibus,
1284 3505 1362 3568 quos

312 3605 378 3645 non
395 3588 517 3646 sinistra
532 3588 565 3644 in
581 3584 680 3645 lucem
695 3583 793 3643 edidit
808 3597 936 3660 natura,
952 3582 1167 3646 exsibilantur.
1183 3583 1221 3644 In
1235 3583 1316 3644 libro
1332 3583 1362 3655 l,

312 3702 379 3766 cap.
393 3681 441 3758 14,
452 3685 494 3743 ait
506 3684 633 3744 Decium
643 3683 781 3766 Murem,
792 3703 890 3764 quum
904 3704 935 3741 se
947 3683 1117 3742 devovisset
1129 3682 1188 3742 diis
1199 3680 1362 3753 Manibus,

312 3783 346 3840 in
360 3781 584 3841 confertissima
603 3779 742 3841 hostium
760 3779 820 3841 tela
840 3803 870 3841 se
885 3779 1057 3862 jaculatum
1071 3803 1151 3859 esse,
1168 3794 1226 3840 aut
1244 3798 1363 3840 novum

315 3881 378 3940 aad
390 3881 551 3941 victoriam
563 3881 621 3940 iter
632 3880 790 3960 sanguinis
801 3880 847 3938 sui
862 3881 969 3940 semita
982 3881 1121 3962 aperiret.
1133 3905 1146 3935 ιι
1166 3875 1249 3956 Quid
1263 3889 1308 3936 est
1323 3897 1364 3936 se·

314 3981 385 4039 mita
397 3982 451 4040 iter
462 3981 596 4062 aperire?
611 3973 667 4040 Sed
685 3962 967 4061 longe—corruptius
981 3992 1025 4039 est
1036 3980 1187 4061 sanguinis
1200 3979 1301 4036 semita
1313 3977 1366 4035 iter

313 4079 431 4156 operire.
449 4077 551 4136 Homo
565 4098 629 4137 non
645 4078 780 4158 ineptus,
793 4076 816 4134 si
830 4072 889 4136 hac
903 4077 931 4136 ei
947 4075 1096 4137 utendum
1109 4085 1185 4134 esset
1196 4073 1362 4143 sententia,

315 4171 442 4248 diceret,
457 4186 488 4233 ut
503 4174 543 4232 orl
555 4177 703 4234 victoriam
717 4177 859 4256 sanguino
870 4195 922 4236 suo
934 4178 1012 4235 viam
1023 4176 1153 4255 aprum.
1163 4173 1239 4234 Tam
1256 4187 1363 4230 venus-
