3156 4950
362 559 421 622 186
679 561 723 624 L.·
742 562 899 625 ANNAEI
922 562 1068 628 FLORI

312 717 339 750 η
357 684 439 772 fuit,
452 691 550 785 quasi
564 684 674 758 ultera
688 690 809 759 civitas
820 687 1011 764 resistebat.
1025 689 1195 778 Quamvis
1208 689 1397 786 profligato

358 800 453 873 urbis
470 801 624 891 excidi0,
644 819 763 874 tamen
782 801 889 874 fatale
901 803 1029 875 Africae
1045 827 1175 874 nomeu
1192 802 1397 902 Scipionum

357 915 553 988 videbatur.
571 920 680 1015 igitur
695 921 731 988 in
748 917 856 989 alium
874 919 1080 1016 Scipionem
1094 942 1261 989 conversa
1276 944 1398 1015 respu-

356 1030 579 1122 blica,finem
589 1031 673 1105 belli
683 1033 903 1132 reposcebat.
915 1035 1020 1104 Hunc
1030 1031 1152 1104 Paullo
1163 1032 1397 1104 Macedonico

356 1165 582 1244 procreatum
596 1147 753 1220 Africani
766 1147 857 1220 illius
868 1152 987 1246 magni
1004 1146 1095 1219 lilius
1112 1151 1148 1217 in
1164 1146 1272 1219 decus
1285 1151 1397 1246 gentis

357 1281 578 1354 assumserat,
594 1264 663 1336 hoc
676 1264 808 1336 scilicet
819 1263 910 1352 fato,
924 1280 979 1353 ut,
995 1289 1103 1362 quam
1115 1263 1242 1336 urbem
1254 1289 1397 1335 concus-

308 1389 338 1439 13
355 1395 447 1450 serat
461 1405 559 1468 avus,
574 1405 684 1478 nepos
699 1380 772 1478 ejus
787 1395 969 1451 everteret.
989 1378 1059 1450 Sed
1072 1394 1112 1450 ut
1125 1405 1233 1479 quarn
1246 1381 1397 1450 maxime
1453 1461 1456 1466 ,

355 1495 530 1566 mortiferi
552 1521 624 1566 esse
645 1519 781 1566 morsus
803 1491 916 1564 solent
936 1497 1164 1565 morientium
1186 1492 1396 1582 bestiarum,

354 1612 404 1682 sic
422 1608 501 1707 plus
521 1615 653 1708 negotii
671 1609 739 1681 fuit
757 1635 840 1680 cum
855 1613 1022 1680 semiruta
1039 1607 1269 1708 Cartbagine,
1289 1633 1397 1708 quam

307 1732 337 1798 ¹4
355 1726 500 1822 integra.
519 1725 717 1822 Compulsis
738 1729 774 1796 iu
794 1750 902 1796 unam
919 1749 1038 1796 arcem
1055 1722 1232 1826 hostibus,
1255 1741 1397 1822 portum

355 1865 497 1938 quoque
509 1845 614 1914 maris
625 1845 803 1914 Romanus
816 1838 1081 2024 ⁰b⁵⁰d⁰s³tjffl
1094 1838 1242 1912 alterum
1255 1838 1306 1910 ibi
1317 1865 1398 1938 por·

355 1967 431 2023 turn
446 1952 491 2025 ab
506 1953 574 2027 alia
587 1955 684 2028 urbis
695 1972 797 2054 parta
811 1953 980 2026 foderunt
1013 1980 1078 2027 nec
1091 1971 1132 2026 ut
1145 1953 1322 2052 fugerent,
1336 1952 1397 2034 sed

355 2102 400 2154 lib.
418 2102 504 2170 XVII,
519 2104 689 2158 describunt:
707 2108 780 2158 sitam
798 2124 854 2158 esse
895 2102 981 2158 donec
999 2106 1160 2170 excitentur,
1176 2104 1280 2175 placeat
1295 2104 1399 2156 Freins-

355 2185 381 2234 iu
393 2182 532 2253 peninsula
547 2189 622 2256 cnjus
636 2188 723 2240 cervix
737 2189 765 2240 in
776 2188 855 2239 ureri-
895 2184 975 2236 hemii
989 2187 1151 2254 conjecture.

354 2261 424 2314 diem
440 2266 585 2316 continenti
598 2266 692 2318 Africae
705 2268 784 2318 trium
800 2267 855 2318 fere
934 2265 973 2332 14.
982 2265 1092 2317 Portum
1101 2263 1398 2339 quoquemnris.0ffen-

353 2342 855 2418 nrilliumlatitudineedbrereat‚inqua
896 2345 1197 2400 ditomnescriticosbic
1206 2360 1299 2417 portus
1308 2345 1397 2408 maris,

354 2423 433 2492 Byrsa
442 2435 467 2474 et
474 2441 564 2477 mutus
573 2423 615 2476 ille
624 2425 726 2497 triplex.
738 2427 853 2479 snmus.
895 2428 983 2498 inquit
993 2428 1088 2490 Tttuu3
1105 2447 1155 2480 neo
1172 2429 1310 2480 immerito.
1325 2423 1396 2492 Quid

393 2519 432 2552 ra.
458 2503 609 2580 Proflipato.
635 2507 757 2572 Scilicet,
780 2527 854 2579 paene
896 2509 966 2558 enirn
985 2525 1093 2560 necesse
1113 2521 1168 2560 erat
1187 2507 1272 2560 dicere
1290 2517 1396 2576 portum

354 2585 486 2635 confecto.
502 2588 537 2636 At
551 2590 592 2638 six
606 2587 751 2658 quidquam
764 2588 856 2658 proili-
894 2585 991 2650 meris,
1011 2603 1093 2655 quum
1113 2585 1193 2636 alium
1212 2602 1266 2635 non
1287 2580 1397 2632 baberet

354 2676 444 2732 gutum
464 2679 534 2730 erat,
554 2685 607 2738 quo
627 2680 746 2738 ternpore
766 2667 854 2738 Scipio
895 2661 1300 2734 Carthago,quameum,quem
1309 2679 1396 2724 mare,

354 2748 854 2818 cumimperioinAfricemrenit.Vide
894 2746 982 2801 tinum
1003 2747 1123 2810 intrans,
1146 2745 1263 2809 iecerat,
1281 2744 1309 2794 in
1329 2740 1397 2794 dues

353 2825 665 2895 Appianum-Paullo
675 2828 852 2880 Macedonico.
893 2836 998 2893 partes,
1014 2827 1169 2878 exteriorem
1185 2836 1212 2876 et
1227 2821 1396 2883 interiorem,

353 2903 402 2954 Hic
420 2917 460 2955 est
478 2905 507 2955 L.
527 2903 645 2957 AErnilins
663 2905 784 2971 Paullus,
807 2908 853 2977 qui
894 2904 981 2956 insula
988 2905 1094 2957 Cothon
1102 2906 1268 2976 interpositu,
1276 2902 1395 2954 chrisum.

351 2981 474 3033 Perseum
492 2983 654 3036 Macedoniae
671 3002 758 3053 regem
774 2985 853 3050 vicit,
892 2986 983 3054 ltaque
997 2987 1052 3055 jam
1069 2985 1227 3052 Salmasius,
1244 2985 1396 3054 conjectura

352 3061 414 3114 inde
426 3063 594 3118 Macedonici
608 3083 705 3118 nomen
719 3066 804 3116 traxit.
818 3095 853 3106 .-
893 3061 1029 3131 adbibita,
1039 3063 1102 3116 dare
1112 3063 1397 3133 voluit,Portumqno·

351 3141 446 3211 Nepos.
459 3142 699 3214 Paradoptionem.
893 3161 944 3216 que
953 3161 1021 3198 marr
1029 3147 1162 3198 Romanus
1172 3143 1306 3198 obsederet.
1316 3139 1397 3207 Quod

389 3221 429 3273 13.
442 3223 494 3274 Sed
506 3234 535 3274 ut
547 3242 625 3295 quam
637 3227 752 3278 maxime
762 3227 853 3277 morti-
894 3245 977 3297 quum
997 3229 1073 3280 nimie
1093 3229 1229 3297 poeticum
1248 3221 1396 3287 rideretur,

345 3301 410 3370 feri.
432 3301 532 3353 Omnes
553 3303 642 3370 MSS,
664 3323 755 3357 omnes
777 3304 851 3358 editt.
893 3305 986 3358 maluit
996 3306 1158 3369 Gronovius,
1171 3305 1280 3354 Pomm
1294 3319 1397 3372 quoque

351 3395 412 3432 ante
423 3381 663 3436 Freinshemiananr
674 3387 795 3456 ignorant
807 3399 851 3455 ut,
893 3385 960 3436 mari
973 3386 1104 3436 Romanus
1116 3379 1261 3434 obsederat:
1278 3379 1396 3450 explica·

352 3456 441 3526 quod,
458 3471 488 3508 ut
504 3459 556 3510 loci
572 3465 701 3514 sententia
718 3479 853 3518 constaret
893 3467 1000 3535 vitque,
1023 3477 1100 3516 antee
1122 3476 1191 3514 terra
1213 3479 1271 3513 esse
1288 3473 1396 3533 portum

350 3537 854 3612 intruserunt.lipsinsconjieiebaused
894 3541 1396 3608 obsessum,nunceutemclasse.Ques

351 3617 854 3694 quomodomaximemoniferifflemor.
894 3623 1000 3693 quidem
1017 3624 1185 3692 conjecturat
1205 3621 1313 3673 minime
1330 3635 1395 3688 pro·

351 3713 390 3748 tus
409 3697 499 3752 solent.
519 3701 599 3752 Tmr.
619 3716 707 3755 sutem
728 3705 853 3758 adversus
893 3704 959 3758 bans
973 3705 1069 3769 Tisna,
1086 3704 1217 3772 conjicere
1233 3698 1331 3753 mavult
1345 3717 1395 3770 pro

350 3775 555 3830 Freinshemium
564 3780 784 3855 invehitur,quod
793 3806 855 3838 con·
894 3786 986 3849 meris,
1001 3787 1099 3860 magis,
1114 3785 1274 3837 autcarius:
1289 3783 1396 3832 minime

351 3869 391 3908 tre
404 3859 523 3910 omnium
535 3859 658 3912 codicum
670 3876 696 3914 ct
707 3865 780 3917 editt.
795 3885 854 3918 auc·
893 3883 1003 3935 prorsus
1021 3865 1135 3930 insulsa,
1157 3877 1185 3916 at
1202 3863 1292 3914 forsan
1313 3857 1396 3912 audo·

350 3937 484 3986 toritatem
499 3937 564 3989 illud
578 3951 607 3990 ut
618 3941 769 4002 inseruerim
786 3961 853 3996 con·
894 3946 959 3996 cius.
971 3945 1066 3994 -1tn'.
1077 3945 1128 3996 Pro
1142 3943 1176 3994 ibi
1188 3941 1304 4011 Lipsius,
1316 3939 1395 3990 licin-

350 4014 487 4085 tenditque
501 4016 693 4087 elegantissime
708 4041 786 4093 quam
803 4042 851 4093 pro
892 4027 962 4090 sius,
974 4025 1097 4076 Dulrerus
1110 4039 1136 4076 et
1147 4026 1227 4074 Ttrzu
1238 4020 1323 4090 legere
1335 4037 1395 4072 sua·

351 4093 571 4162 quomadmodum
591 4097 650 4148 dici.
668 4100 743 4152 Fides
760 4102 852 4152 forsan
892 4101 956 4154 dent
972 4102 1027 4154 sibi.
1041 4131 1077 4141 —
1089 4104 1146 4154 Nec
1161 4111 1191 4150 nt
1200 4098 1338 4171 stuperent,
1352 4097 1396 4150 sed

351 4169 414 4224 huic
426 4176 564 4244 proposito
578 4175 762 4246 adhiberetur,
777 4182 798 4231 si
812 4182 853 4230 ni·
892 4181 982 4250 quie...
996 4179 1119 4230 credebat.
1133 4179 1186 4233 MS.
1199 4176 1347 4248 llyclrienue
1358 4174 1396 4226 lc-

353 4253 634 4325 terctnroxernplisdia
640 4272 727 4310 autem
733 4259 851 4332 exempla
892 4263 944 4330 git:
958 4279 1004 4314 nec
1015 4273 1044 4312 ut
1052 4261 1190 4333 firqerent,
1202 4258 1245 4310 sed
1256 4275 1308 4329 qua
1319 4275 1395 4309 nemo
