3142 4938
483 493 629 560 eman
650 493 913 562 suounnus.
993 531 995 534 -
1163 500 1218 578 ψ

173 621 323 726 quidem
344 647 412 722 par
436 636 542 694 tantae
566 618 757 693 calamitati
782 617 869 691 luit:
891 643 976 690 nam
997 643 1064 690 nec
1089 621 1223 692 Punico

176 763 318 813 carcere
339 737 508 811 infractus
523 752 590 827 est,
606 762 673 809 nec
688 734 864 835 legatione
886 751 1057 832 suscepta.
1077 736 1223 834 Quippe
1241 743 1275 810 ai

176 852 329 946 diversa,
353 879 462 952 quam
482 849 600 925 hostes
621 849 893 939 mandaverant,
916 854 1067 940 censuit3
1089 877 1135 922 ne
1152 875 1224 949 pax

175 968 293 1059 fieret,
305 993 372 1040 nec
388 969 666 1040 commutatione
677 969 901 1063 captivorum
912 969 1140 1063 reciperetur.
1152 963 1224 1039 Sed
1241 965 1275 1020 ²⁵

175 1109 240 1156 nee
248 1081 309 1179 illo
317 1082 518 1157 voluntario
526 1081 573 1155 ad
584 1079 702 1154 hostes
710 1105 790 1152 suos
798 1078 1006 1170 reditu,nec
1014 1076 1140 1152 ultimo
1150 1085 1222 1154 sive

176 1202 341 1290 carceris,
356 1203 428 1271 sive
440 1200 554 1270 crucis
568 1193 744 1294 supplicio
756 1193 956 1267 deformata
967 1193 1146 1291 majestes3
1160 1197 1224 1266 im·

175 1339 234 1386 mo
252 1312 306 1386 his
318 1312 483 1386 omnibus
497 1309 755 1401 admirabilior,
770 1309 858 1410 quid
876 1307 974 1382 aliud
993 1313 1225 1409 quamvictus

176 1426 221 1499 de
234 1428 446 1518 victoribus,
467 1442 574 1524 atque
591 1429 714 1513 etiarn,
732 1426 816 1521 quia
832 1420 1012 1522 Carthago
1027 1447 1100 1493 non
1115 1447 1227 1494 cesse-

174 1557 247 1631 rat,
263 1540 309 1613 de
323 1541 468 1616 fortuna
478 1536 732 1638 triumphavit?
744 1535 901 1636 Populus
915 1553 1035 1610 autem
1044 1539 1225 1609 Romanus
1244 1535 1279 1588 ²⁶

173 1653 288 1727 multo
311 1658 428 1728 acrior
450 1652 682 1754 infestiorque
705 1678 773 1752 pro
795 1649 930 1723 ultione
952 1649 1093 1752 Reguli,
1116 1676 1225 1750 quam

172 1797 241 1871 pro
259 1776 410 1844 victoria
429 1771 507 1844 fuit.
525 1768 672 1844 Metello
694 1773 803 1868 igitur
822 1766 985 1858 consule,
1009 1767 1224 1868 spirantibus
1243 1779 1275 1834 ²7

174 1885 275 1959 altius
289 1889 420 1978 Poenis,
435 1903 471 1960 et
480 1911 621 1959 reverso
634 1889 672 1955 in
682 1879 964 1974 Siciliambello,
980 1880 1077 1980 apud
1090 1884 1224 1954 Panor-

172 2025 272 2074 mum
293 2005 343 2074 sic
364 1999 483 2075 hostes
504 1999 651 2090 cecidit,
670 2014 710 2070 ut
732 2023 779 2070 ne
802 1994 954 2097 amplius
975 2021 1056 2069 eam
1074 1995 1225 2069 insulam

172 2148 287 2188 venerat.
307 2165 342 2176 -
360 2136 417 2188 Par
432 2147 513 2191 taatoe
529 2135 677 2188 calamitati
717 2150 779 2184 cum
793 2131 895 2184 Seneca
907 2130 940 2184 de
952 2129 1103 2183 Providerat.
1118 2149 1177 2202 cap.
1191 2130 1223 2192 3;

167 2213 233 2286 suit.
254 2214 348 2286 Reguli
365 2213 475 2287 quidem
492 2214 676 2268 fortitudinem
716 2225 743 2264 et
754 2213 837 2283 Epist.
852 2212 894 2264 88.
907 2213 930 2262 J.
943 2213 985 2262 Fr.
996 2210 1146 2264 Gronovius
1158 2211 1224 2263 exis·

93 2329 97 2337 ·
172 2311 258 2364 usque
281 2292 348 2346 adeo
369 2296 480 2346 miratur
499 2297 676 2360 Monrrronn,
716 2293 792 2342 timat
809 2289 842 2342 ab
859 2288 900 2341 his
914 2307 1017 2342 cracem
1028 2293 1120 2344 vocari
1135 2309 1223 2344 aream

171 2373 270 2438 Essab,
288 2371 353 2424 livre
367 2374 411 2440 ΙΙ,
428 2372 504 2444 elrap.
521 2372 555 2438 3,
572 2385 601 2424 ut
618 2390 676 2424 eam
716 2373 789 2426 illam
797 2371 878 2425 claris
885 2373 978 2426 ferreis
985 2375 1070 2426 acutis
1078 2374 1223 2445 profixam,

172 2449 251 2523 longe
269 2470 349 2523 supra
367 2451 551 2504 tortitudinem
567 2451 677 2504 Catonis
716 2455 745 2506 iu
757 2471 837 2525 quam
849 2453 981 2525 Regulum
996 2455 1166 2524 impositum,
1183 2467 1223 2507 at-

173 2531 295 2600 extollat,
303 2532 435 2585 violentas
445 2531 497 2585 sibi
505 2551 598 2584 manus
608 2532 677 2583 infe-
717 2551 770 2604 que
779 2535 817 2585 ita
827 2547 966 2586 enecatum
976 2533 1084 2586 tradunt
1092 2535 1221 2608 plerique.

141 2663 146 2670 ,
171 2614 259 2665 rentii.
280 2613 328 2665 -Jt
340 2633 364 2684 y
380 2633 397 2666 a
414 2614 472 2665 bien
488 2609 551 2684 plus
566 2612 596 2663 de
612 2629 675 2662 eon·
716 2612 784 2665 Nam
805 2631 869 2665 crux
891 2615 970 2666 etiam
987 2631 1038 2685 pro
1058 2615 1131 2666 omni
1149 2615 1224 2684 gravi

172 2693 291 2744 sancet
309 2709 367 2746 aser
384 2691 412 2744 la
429 2691 534 2744 alaisae
548 2690 593 2764 qai
611 2707 676 2742 noras
716 2691 847 2765 supplicio
857 2705 882 2744 et
890 2693 1009 2744 cruciatu
1020 2691 1225 2745 dicitur.-Hir

171 2769 250 2836 tient,
262 2769 323 2844 qa’ir
336 2771 362 2823 ia
377 2789 493 2844 rampre,
509 2781 535 2823 et
543 2768 604 2842 plus
614 2768 677 2822 des-
716 2773 835 2825 omm'bar
848 2771 1035 2824 admirabilior.
1048 2773 1089 2823 lta
1100 2773 1222 2834 naama,

171 2867 268 2919 prenae
278 2849 429 2920 defermetd
436 2869 469 2902 en
476 2849 590 2922 lldqulrrs
600 2847 677 2920 qa'en
715 2853 835 2906 Disrourr
842 2871 886 2906 tur
895 2851 972 2904 i'birt.
982 2853 1092 2904 anivers.
1100 2852 1135 2903 1³⁸
1142 2863 1222 2922 part,

175 2929 266 2978 (laton.
275 2925 337 2978 G'ert
347 2927 529 2980 l'iadisordtion
539 2937 565 2978 et
573 2924 677 2998 i‘impa-
717 2931 744 2982 8⁸
753 2931 868 3003 elpoque:
885 2929 942 2981 «Le
954 2927 1063 3002 qdndral
1075 2929 1177 2981 romain
1188 2938 1226 2981 est

173 3006 258 3059 tienne
270 3007 316 3079 qui
330 3026 392 3059 notu
409 3007 479 3060 haste
496 3006 520 3058 le
533 3023 599 3077 pas:
618 3005 677 3058 nair
716 3007 788 3060 batte
796 3021 822 3059 et
831 3010 898 3079 pris:
910 3010 975 3059 mais
984 3025 1012 3058 sa
1022 3006 1113 3077 prison
1124 3004 1149 3057 le
1159 3007 1224 3058 read

172 3086 304 3139 accidente
313 3085 563 3158 nefonttoaraerle
572 3085 640 3138 dosii
650 3083 678 3136 la
715 3084 777 3158 plus
793 3085 891 3136 illustre
906 3103 958 3156 que
973 3103 1009 3136 ses
1025 3085 1150 3137 victoirer.
1161 3108 1174 3132 η
1187 3116 1223 3129 ..-

173 3169 243 3240 visae
257 3179 329 3220 verta
336 3187 346 3229 ;
361 3165 412 3219 elle
423 3164 530 3218 clrerclre
541 3163 577 3218 les
588 3164 679 3216 maulx
717 3164 757 3216 De
762 3164 876 3237 fortuna
888 3164 1067 3238 triumphavit.
1083 3165 1175 3218 Seuer.
1188 3165 1222 3219 de

173 3257 197 3298 et
213 3243 538 3298 ladoaleurrommesoa
549 3243 677 3303 alimum·
716 3243 808 3295 Benef.
828 3245 869 3310 V,
891 3243 927 3296 3:
955 3244 1061 3296 «Nemo
1089 3256 1231 3298 trecentos·

174 3323 209 3379 les
217 3343 334 3378 menoses
343 3325 385 3378 des
394 3337 496 3396 tyraus,
505 3323 678 3396 lesqelreanes
720 3321 837 3374 aFabios
851 3323 934 3374 victos
949 3320 1028 3389 dicit,
1041 3321 1088 3374 sed
1100 3324 1220 3390 occiso„

173 3415 198 3458 et
217 3403 251 3460 les
272 3408 430 3472 boumaux,
450 3403 587 3458 l’aaiment
604 3414 632 3456 et
649 3402 676 3454 la
719 3415 767 3454 «et
775 3400 891 3472 Regulus
899 3405 1221 3476 eaptusestal’oenir,nou

173 3483 319 3557 vivificat.»
333 3515 369 3525 -
383 3487 469 3538 Nec...
486 3484 614 3557 infractus
629 3494 673 3536 est.
718 3483 837 3543 avictust
848 3493 874 3534 et
885 3483 1004 3555 quisquis
1015 3482 1081 3536 alius
1091 3487 1220 3538 sevientis

172 3566 222 3617 llic
237 3563 363 3634 infractus
375 3563 441 3616 nihil
455 3564 528 3618 alind
544 3564 675 3636 significat
717 3585 730 3610 e
739 3563 885 3616 fortunari
892 3579 971 3636 atque
978 3563 1099 3636 pondere
1109 3584 1222 3639 oppres-

174 3662 255 3718 quam
267 3643 381 3708 fractus,
393 3655 423 3694 ut
436 3643 508 3714 apud
517 3644 672 3716 Virgilium:
717 3662 784 3696 «sus
798 3662 852 3696 non
865 3643 994 3696 submittit
1006 3647 1132 3697 animum.
1142 3668 1155 3693 n

176 3746 188 3770 a
198 3735 306 3794 torpent
314 3721 431 3772 infracta
440 3723 467 3772 iu
477 3723 565 3793 prelia
573 3725 650 3777 vires.
660 3747 671 3771 a
751 3739 792 3794 27.
805 3722 915 3777 Metello
927 3723 1008 3796 iqitur
1016 3723 1131 3776 consule.
1140 3725 1220 3777 Anno

173 3802 205 3854 Et
221 3799 285 3853 alibi
300 3799 408 3870 passim.
422 3827 457 3837 -
470 3800 608 3873 Leqatione
622 3820 674 3855 aas·
714 3801 818 3854 decimo
834 3803 927 3871 quinto
942 3799 1021 3870 hujus
1034 3800 1099 3852 belli
1111 3803 1220 3872 Punici,

173 3891 255 3953 cepta.
268 3878 344 3929 lllum
356 3878 468 3928 Romam
480 3879 603 3930 miserant
613 3879 676 3930 Car·
716 3880 830 3932 ethicL.
839 3879 957 3932 Caeeilius
965 3878 1088 3931 Metellus
1096 3899 1219 3934 nonrere

174 3958 352 4030 thaginienaee
366 3969 395 4010 ut
409 3956 577 4027 captivorum
588 3969 675 4009 muta·
715 3959 809 4010 consul
828 3971 884 4011 erat
903 3969 979 4022 tunc,
1002 3957 1048 4010 sed
1066 3962 1218 4030 proconsul.

175 4039 275 4090 tionem
288 4033 423 4088 suaderet:
432 4034 477 4087 ille
487 4046 577 4086 autem
585 4032 675 4088 laban·
715 4040 762 4090 En.
772 4035 1153 4106 Dunru.-Spiraatibusaitias
1159 4041 1218 4093 Poe-

176 4129 228 4170 tem
238 4127 359 4169 renatum
370 4115 494 4182 firmavit,
504 4133 539 4168 ue
548 4115 657 4168 faceret.
717 4117 765 4170 ais.
779 4117 810 4170 ld
822 4129 877 4185 est,
893 4115 1011 4187 superbis
1025 4131 1052 4170 et
1066 4118 1219 4172 elatioribus

209 4195 253 4250 ²5.
264 4194 357 4250 Cmrir.
375 4197 486 4252 Crucem
501 4195 567 4249 dicit
582 4192 676 4250 Floms
716 4213 746 4249 re
764 4196 831 4252 bene
850 4209 933 4270 gestu.
950 4227 986 4239 -
1005 4196 1039 4250 Ut
1057 4217 1090 4252 rie
1105 4197 1220 4271 amplius
