3156 4950
316 471 379 548 240
640 464 676 527 u.
701 463 861 527 luunt
885 462 1030 527 nunni

315 589 475 689 abruptis
509 585 765 676 defenderent,
801 590 993 660 maximam
1027 588 1206 657 civitatem
1239 583 1357 676 vallo,

264 729 296 784 25
315 703 477 793 sudibus,
499 719 535 778 et
554 703 664 792 fossa,
682 701 900 800 inductoque
919 699 1021 773 fossae
1042 699 1204 790 flumine,
1226 697 1358 771 adbuc

315 819 441 892 decem
463 835 497 891 et
516 834 597 892 octo
620 815 787 906 castellis,
806 820 1009 916 ingentique
1031 812 1143 886 lorica
1163 813 1359 886 circumda·

314 949 405 1025 tarn,
427 938 583 1032 primum
604 931 699 1004 fame
722 929 878 1019 domuit;
898 956 980 1003 mox
998 929 1188 1001 audentem
1204 933 1358 1027 eruptio·

313 1075 393 1140 nes,
410 1054 445 1120 in
457 1047 549 1121 vallo
562 1045 686 1146 gladiis
701 1045 914 1144 sudibusque
930 1043 1103 1132 concidit;
1118 1047 1304 1116 novissime
1320 1047 1358 1115 in

263 1178 297 1232 26
314 1161 533 1237 deditionem
549 1161 696 1261 redegit.
714 1165 793 1258 lpse
812 1159 870 1232 ille
890 1185 968 1250 rex,
990 1164 1184 1232 maximum
1200 1161 1357 1230 victuriae

314 1267 442 1370 decus,
453 1278 601 1379 supplex
615 1304 725 1377 quum
738 1281 775 1348 in
787 1293 901 1351 castra
916 1279 1084 1364 venisset,
1097 1290 1174 1345 tum
1187 1289 1223 1345 et
1238 1270 1358 1371 phale·
1397 1299 1403 1311 ·

314 1421 370 1468 ras
385 1411 420 1468 et
435 1420 496 1466 sua
509 1419 609 1465 arma
625 1409 706 1464 ante
718 1395 863 1464 Caesaris
877 1417 992 1490 genua
1007 1389 1172 1488 projecit:
1195 1421 1209 1452 ιι
1221 1387 1356 1478 Habes,

313 1513 444 1609 inquit:
462 1508 594 1583 fortem
610 1513 744 1599 virum,
758 1511 814 1580 vir
828 1506 1035 1597 fortissime,
1050 1508 1175 1579 vicisti.
1189 1537 1203 1570 n

315 1752 491 1774 mmm
494 1752 683 1774 ΜἸΜΜΛΜἎ
689 1751 871 1773 mmmm
876 1745 1306 1771 mmmmm
1311 1744 1358 1764 Μ

1356 1787 1362 1797 s

797 1918 873 1993 Xl.

418 2119 439 2144 ’
529 2149 751 2221 nnnnuu
782 2145 1142 2221 narrarentur.

287 2405 295 2438 ι
365 2373 459 2442 Dum
471 2370 592 2443 Gallus
604 2397 671 2468 per
682 2372 856 2443 Caesarem
869 2374 905 2442 in
917 2373 1177 2468 Septemtrinne
1188 2367 1357 2458 debellat,

316 2609 378 2647 orto
388 2592 518 2661 castellis,
531 2609 557 2646 et
568 2613 712 2666 permagna
722 2595 817 2664 lorica3
858 2599 930 2648 rint:
950 2597 1042 2649 «ceux
1061 2595 1179 2649 dAlem'a
1196 2595 1268 2664 apres
1284 2591 1359 2642 avoir

315 2687 407 2745 postea
428 2671 519 2743 egredi
540 2673 680 2725 audentem
699 2674 726 2724 in
748 2674 817 2726 vallo
857 2677 945 2729 deuue'
956 2677 1086 2748 beaurwp
1100 2677 1130 2727 de
1144 2671 1238 2725 εναυαίὶ
1253 2671 1269 2720 ὰ
1284 2670 1360 2722 θέων

316 2771 379 2805 ense
390 2766 415 2805 et
425 2751 492 2823 palis
503 2749 651 2802 trucidavit.
661 2753 708 2804 En.
720 2753 816 2804 Dnurn.
857 2751 906 2807 esd
919 2755 1090 2820 eux-memes,
1098 2751 1291 2826 finalemeutse
1300 2767 1359 2799 ren-
1377 2736 1381 2748 „

315 2861 351 2870 -
364 2830 451 2884 Vallo.
471 2829 581 2884 Vallum
600 2843 688 2882 autem
702 2843 759 2882 erat
773 2850 818 2883 ex·
857 2833 955 2895 dircen
965 2843 991 2884 et
1001 2831 1227 2908 Vercinpentorix,
1237 2827 1305 2880 celui
1313 2827 1358 2900 qui

317 2923 445 2962 sunctum
460 2923 541 2975 terra,
559 2928 616 2982 quae
628 2927 642 2960 e
648 2909 721 2982 fossa
734 2911 817 2981 proji·
856 2913 929 2966 avait
941 2914 1033 2966 ruscitl
1048 2924 1074 2964 et
1088 2911 1194 2964 couduit
1213 2920 1281 2962 toute
1296 2918 1359 2960 cette

317 2985 818 3052 ciebaturrethocvallummuniebant
854 2986 1359 3066 quem,s’dtantarme'desesplusbelles

315 3067 818 3141 infiximdes,autpuli,autvalli.1]u·
856 3089 952 3140 annes,
972 3082 998 3124 et
1014 3083 1098 3143 ayant
1109 3071 1176 3126 aussi
1191 3070 1258 3142 perd
1272 3077 1298 3120 et
1312 3085 1359 3118 ac-

315 3148 370 3200 rica
390 3167 452 3200 vern
475 3146 571 3200 dicitur
590 3148 687 3201 vallum
707 3148 816 3234 sudibus
856 3152 1113 3206 coustrdroncbeval
1128 3151 1267 3214 demente,
1285 3147 1360 3200 sor-tit

316 3229 484 3300 turribusque
496 3231 663 3281 instructum.
854 3252 906 3304 par
921 3232 956 3285 les
971 3243 1057 3304 portes
1070 3234 1101 3284 de
1119 3231 1145 3283 ta
1165 3227 1239 3293 ville,
1258 3238 1284 3277 rt
1300 3225 1358 3277 alla

351 3309 393 3361 25.
412 3309 529 3362 Sedibus.
541 3310 570 3360 ln
580 3329 660 3380 opere
673 3308 815 3381 dispositis.
852 3311 925 3384 faire
939 3331 975 3364 uu
988 3321 1046 3364 tour
1059 3323 1114 3364 tout
1128 3311 1145 3360 ὰ
1161 3305 1254 3360 cheul
1265 3306 1280 3354 ὰ
1293 3303 1358 3356 l'eu-

352 3389 393 3440 26.
412 3387 504 3440 Habes.
522 3389 570 3439 llic
585 3390 686 3440 venant
698 3390 724 3438 in
738 3389 817 3457 labe,
859 3385 1356 3459 rourdecesar,eunzusbensaclaire:

315 3465 405 3528 babet,
421 3465 512 3527 babes,-
529 3465 622 3517 eodem
640 3468 695 3518 fere
715 3485 818 3538 temper
856 3471 916 3543 puis
927 3471 1081 3524 descendant
1091 3471 1108 3520 u
1114 3467 1189 3540 picti,
1203 3465 1246 3518 dtu
1256 3476 1312 3519 tuus
1323 3463 1359 3516 les

315 3561 408 3597 censu:
422 3542 500 3608 labe,
512 3542 816 3617 scilicetbabebaepba·
858 3551 1072 3604 omemenutson
1080 3545 1172 3601 ebeual
1175 3584 1185 3613 ,
1193 3557 1218 3596 et
1224 3541 1359 3616 depouilla

314 3623 381 3676 lerae
393 3637 419 3676 et
429 3622 484 3674 haec
496 3640 568 3673 arma
581 3642 653 3674 mea:
667 3623 757 3691 babet,
770 3627 817 3677 sci·
857 3639 937 3680 tontes
945 3647 982 3681 ses
992 3646 1087 3696 annes,
1100 3623 1167 3699 qu’r'l
1174 3624 1230 3695 jeta
1239 3641 1271 3672 cu
1282 3635 1358 3686 tem,

315 3699 753 3770 licet,utdicebaturderulneratis
763 3703 816 3774 gla·
856 3718 881 3758 et
891 3706 966 3760 s’alla
977 3707 1044 3760 tenir
1056 3725 1091 3757 au
1100 3703 1162 3776 piat
1175 3703 1206 3754 de
1218 3701 1293 3751 cesar
1301 3715 1359 3751 sures

315 3783 474 3848 dictoribus,
488 3783 572 3834 victus
588 3801 663 3848 eum,
680 3783 733 3834 sive
746 3800 815 3854 qun·
856 3797 911 3836 mut
927 3785 994 3852 dire,
1010 3782 1113 3856 juspu'aei
1131 3800 1159 3833 ec
1176 3799 1226 3852 que
1243 3777 1317 3830 δέεαι·
1334 3773 1358 3826 le

317 3881 385 3933 que,
398 3862 466 3915 bene
482 3860 564 3914 habet
578 3860 641 3912 tibi:
658 3860 748 3928 babes,
764 3863 815 3914 eci·
856 3861 936 3914 buitta
955 3882 987 3914 en
1004 3861 1084 3934 parde
1102 3877 1202 3910 comme
1215 3855 1361 3927 priscanier

315 3939 392 4007 licet,
406 3941 489 3994 babes
504 3944 656 4008 victoriam,
670 3955 749 3993 ete...
767 3943 816 3994 Hic
856 3942 888 3994 de
902 3960 1008 4014 puerrc,
1026 3959 1098 4014 pour
1111 3939 1135 3990 le
1148 3955 1238 3989 mener
1249 3937 1266 3986 ὰ
1279 3937 1358 3988 Rome

220 4027 225 4036 '
315 4039 395 4092 porro
416 4020 554 4074 citabimus
575 4021 662 4074 locum
683 4020 816 4074 Plutarchi
856 4040 888 4072 en
908 4019 1066 4091 triumphe.»
1084 4018 1134 4074 Vie
1147 4018 1178 4068 de
1193 4017 1276 4079 Cesar,
1292 4011 1354 4062 trad-

316 4118 370 4171 quo
382 4113 503 4151 narratur
517 4119 570 4172 quo
583 4100 662 4153 modo
674 4099 762 4152 Galbae
773 4119 816 4152 re·
856 4098 985 4168 d'Amyct.

316 4197 361 4252 pes
375 4195 403 4230 ee
420 4178 538 4248 captivos
554 4177 650 4232 dedere
669 4179 738 4230 soliti
756 4179 816 4231 lue·
891 4176 902 4200 ⁴
925 4177 985 4230 Cir.
1005 4177 1051 4228 XI.
1072 4179 1177 4229 Bnucuu
1199 4177 1355 4227 Pinrnreurt.
