3156 4950
314 477 372 543 162
635 479 672 542 L.
697 479 856 546 ANNAEI
880 479 1026 544 FLORl

154 703 156 710 y
255 616 289 682 4²
307 601 484 675 utebatur.
500 603 581 676 Jam
593 617 714 675 tamen
729 629 811 674 eum
829 601 1006 703 plerisque
1022 604 1165 703 oppidis
1184 621 1220 678 et
1235 613 1355 706 regio·

305 719 410 792 nibus
425 743 695 790 excusseramns.
714 721 888 792 Tarentus
905 717 951 791 ad
964 745 1028 791 nos
1043 719 1215 794 redierat:
1229 722 1306 821 jam
1320 741 1356 797 et

306 839 448 933 Capua,
462 833 562 908 sedes
577 850 613 908 et
625 833 771 925 domus,
788 851 822 907 et
836 840 952 935 patria
966 835 1077 910 altera
1090 837 1289 928 Annibalis,
1305 855 1354 912 te·

304 951 455 1025 uebatur
465 977 472 1022 :
481 951 580 1050 cujus
594 955 733 1024 antissio
747 966 886 1046 tannim
897 955 1007 1024 Poeno
1020 952 1104 1024 duci
1118 952 1280 1026 dolorem
1294 953 1353 1027 de·

253 1068 288 1136 43
305 1066 376 1155 dit,
397 1083 437 1139 ut
461 1067 544 1139 inde
568 1070 651 1138 totis
680 1066 814 1138 viribus
839 1068 992 1140 Romam
1017 1084 1293 1141 converteretur.
1317 1072 1351 1143 Ο

301 1181 478 1281 populum
491 1182 640 1282 dignum
653 1180 749 1254 orbis
767 1181 935 1280 imperio!
956 1180 1102 1281 dignum
1119 1188 1278 1254 omnium
1296 1183 1352 1257 ia·

302 1323 406 1390 vore,
426 1316 461 1372 et
480 1297 714 1371 admiratione
730 1295 917 1370 hominum
933 1323 975 1370 ac
992 1297 1159 1372 deornm!
1176 1298 1352 1399 Compul-

302 1441 359 1487 sus
372 1415 418 1488 ad
430 1415 573 1488 ultimos
586 1429 700 1486 metus
712 1413 758 1487 ab
770 1419 928 1512 incoepto
940 1440 1015 1486 non
1028 1412 1178 1504 destitit;
1190 1431 1224 1489 et
1235 1415 1280 1488 de
1290 1442 1351 1488 sua

248 1625 255 1644 .
301 1528 401 1602 Urbe
416 1525 591 1621 solicitus,
604 1531 765 1627 Capuam
778 1545 898 1600 tamen
912 1556 985 1603 uon
999 1535 1134 1603 omisit:
1152 1529 1232 1622 sed,
1249 1549 1350 1630 parte

301 1648 473 1718 exercitus
487 1642 553 1716 sub
566 1645 686 1741 Appio
701 1641 844 1715 consule
860 1641 1000 1734 relicta,
1015 1660 1117 1742 parte
1133 1643 1301 1717 Flaccum
1314 1649 1350 1715 in

300 1757 428 1830 urbem
457 1776 595 1847 secuta,
626 1756 751 1830 absens
778 1755 882 1829 umul
906 1783 1131 1859 praesensque
1155 1759 1348 1860 pugnabat.

248 1867 284 1936 ll
300 1873 399 1965 Quid
422 1899 507 1972 ergo
530 1871 717 1964 miramur,
737 1877 895 1945 moventi
919 1889 1034 1946 eastra
1058 1900 1080 1947 a
1103 1880 1209 1946 tertio
1231 1874 1351 1974 lapide

299 1989 466 2064 Annibali
478 1995 609 2064 iterum
622 1995 716 2088 ipsos
733 1989 837 2082 deos,
853 1990 957 2080 deos,
978 1995 1125 2090 inquam
1139 1991 1225 2086 (nee
1247 1989 1351 2062 fateri
1420 1993 1423 2000 ⁴

248 2105 283 2174 l5
299 2105 485 2206 pudebit),
501 2106 684 2180 restitisse?
698 2108 814 2179 Tanta
830 2112 926 2179 enim
943 2105 989 2180 ad
1005 2104 1161 2205 singulos·
1170 2105 1261 2178 illius
1276 2131 1349 2177 mo-

299 2238 355 2294 tus
366 2227 418 2294 vis
429 2221 599 2294 imbrium
609 2220 1039 2311 effusa,tantaventorum
1048 2221 1217 2295 violentia
1226 2237 1351 2294 coorta

301 2354 370 2429 est,
384 2354 425 2410 ut
441 2337 606 2412 divinitus
623 2337 764 2410 hostem
777 2337 1000 2429 submoveri,
1017 2364 1084 2411 nee
1101 2339 1209 2428 caelO,
1224 2337 1286 2412 sed
1304 2337 1349 2410 ab

248 2453 283 2522 46
300 2451 405 2525 Urbis
418 2457 526 2562 ipsius
538 2450 773 2542 moenibus,et
785 2452 963 2551 Capitolio
981 2452 1068 2526 ferri
1082 2453 1272 2526 videretur.
1283 2457 1350 2527 lta-

336 2605 804 2674 42.rareat1eadaosredterat.Qua
844 2605 986 2660 Salmasius
1008 2606 1151 2660 delendum
1174 2619 1266 2658 censet
1291 2625 1348 2658 om-

300 2701 356 2740 arte
367 2691 497 2741 Tarentus
510 2707 525 2740 a
536 2688 618 2740 Fabio
631 2699 803 2756 recuperatus
844 2689 933 2755 nium,
943 2701 969 2740 et
977 2686 1130 2758 legendum:
1141 2686 1248 2758 dipnum
1254 2687 1350 2758 favore

300 2769 396 2834 fuerit,
413 2768 493 2821 docet
510 2770 614 2833 Livius,
627 2768 740 2834 XXVII,
757 2783 803 2836 ¹75
845 2777 870 2817 et
889 2767 1061 2820 admiratione
1082 2765 1221 2818 hominum
1242 2783 1273 2838 ae
1289 2765 1351 2816 ᾰεο-

300 2847 368 2898 Vide
378 2850 456 2900 etiam
465 2849 643 2918 Augustinum
652 2847 729 2898 Civit.
740 2848 765 2912 1,
777 2846 804 2897 6.
846 2865 914 2898 mm.
928 2849 985 2898 Nec
999 2845 1082 2898 male:
1097 2846 1174 2897 favor
1187 2844 1252 2897 deos
1265 2845 1350 2915 respi-

299 2955 335 2968 -·-
356 2929 484 2998 Capua...
509 2929 648 2978 tenebatur.
670 2926 804 2978 Sententia
846 2927 897 2991 eit,
914 2925 1053 2978 admiratio
1070 2924 1349 2997 homines—Appio

298 3005 371 3058 Fieri
383 3019 436 3073 est,
446 3024 528 3079 quum
535 3002 591 3076 jam
601 3006 628 3058 iu
639 3024 671 3058 eo
682 3017 765 3070 esset,
775 3017 805 3056 ut
845 3005 958 3058 consule.
975 3006 1076 3070 Immo,
1094 3021 1123 3058 ut
1138 3019 1210 3057 reete
1227 3004 1350 3058 observat

300 3099 438 3157 caperetur
456 3089 563 3158 Capua,
581 3083 755 3151 Annibalem,
775 3097 806 3135 ut
844 3085 982 3154 Dulrerus,
994 3086 1165 3160 proconsule.
1179 3087 1234 3140 niv.
1248 3085 1348 3150 XXVI,

299 3168 435 3220 Romanos
449 3169 482 3219 ab
494 3186 526 3219 ea
539 3166 705 3219 abstraheret
720 3178 745 3216 et
756 3167 805 3217 im·
849 3183 858 3217 ι
874 3179 900 3218 et
912 3169 938 3219 8.

299 3247 584 3318 pediret,amissionem
592 3247 805 3318 Capuaeliomasn
880 3245 923 3312 44.
937 3246 1046 3296 Iterum.
1059 3246 1126 3295 Nam
1136 3245 1190 3312 jam
1203 3240 1286 3292 semel
1297 3241 1350 3292 An·

299 3327 432 3396 petivisse.
444 3328 513 3377 Nam
521 3329 656 3396 Capuam,
667 3336 724 3374 tum
734 3340 803 3374 uon·
844 3322 927 3374 nibali
938 3326 1103 3388 restiterant,
1118 3319 1192 3372 illum
1203 3319 1350 3392 impedien-

300 3403 364 3455 dum
375 3416 480 3474 captam
492 3401 805 3473 fuisse,quumAunibal
845 3417 900 3470 tes,
920 3425 953 3458 ue
972 3407 1084 3456 Romam
1106 3414 1217 3472 peteret.
1247 3403 1348 3454 nlllum

299 3483 411 3532 Romam
426 3481 657 3551 proficiscebatur,
671 3499 733 3532 mox
746 3482 804 3549 ipse
847 3484 953 3549 «enim,
965 3497 994 3534 ut
1009 3501 1088 3553 supra
1103 3481 1168 3533 dixit
1180 3483 1289 3546 Noster,
1303 3494 1347 3532 aut

302 3559 423 3612 ostendit.
436 3589 472 3600 -
486 3561 576 3611 Patria
589 3559 672 3610 altera
684 3558 805 3610 Anniba·
848 3565 952 3616 alatum
968 3561 1039 3612 urbis
1054 3562 1236 3633 imperatum,
1249 3575 1295 3614 aut
1308 3563 1349 3632 ip-

302 3637 340 3695 tis.
361 3643 453 3708 Silius,
472 3644 511 3708 ll,
532 3640 582 3706 245
591 3663 597 3691 :
620 3638 729 3691 «Altera
747 3641 804 3709 jam
848 3648 922 3698 usius
934 3661 1007 3696 meus
1019 3641 1104 3709 mala,
1119 3656 1146 3694 et
1160 3644 1244 3695 aversi
1258 3661 1274 3692 a
1285 3643 1348 3694 Car-

303 3724 427 3793 apanis,
444 3733 523 3793 atque
539 3737 613 3792 aequo
632 3717 683 3770 sul>
702 3715 804 3770 honore
848 3725 977 3796 uthagine
990 3721 1028 3775 dii
1041 3725 1069 3776 in
1084 3724 1218 3776 diversum
1233 3721 1348 3775 abstule-

303 3823 314 3846 ι
325 3815 444 3866 vocatur,
451 3801 540 3852 Altera
546 3797 679 3870 Carthago
685 3797 800 3868 Capua.»
847 3825 858 3850 a
869 3817 938 3856 runt.
951 3829 962 3851 ιι
971 3805 1069 3858 —Nec
1074 3803 1157 3876 fateri
1164 3801 1278 3874 pudebit.
1287 3805 1347 3853 Huc

299 3880 415 3932 Annibal
426 3881 578 3951 Carthagini
588 3880 707 3950 Capuam
717 3897 805 3948 aequa·
844 3882 904 3935 ideo
917 3882 997 3950 dicit,
1008 3883 1080 3955 quod,
1093 3881 1252 3955 probrosum
1264 3882 1347 3934 videri

300 3980 328 4012 re
341 3963 433 4015 solitus
444 3976 513 4030 erat,
526 3963 559 4014 de
570 3981 624 4035 quo
635 3959 693 4012 vids
702 3960 804 4010 Livium
845 3965 943 4032 possit,
958 3965 1029 4016 siros
1041 3964 1124 4015 fortes
1135 3961 1247 4012 deorum
1259 3963 1347 4032 potius

300 4040 383 4104 XXV,
399 4045 438 4094 15.
844 4041 1344 4114 favore,quamsnarirtutevietorintn

335 4121 377 4185 [13.
394 4121 509 4193 Dipnum
525 4123 641 4172 omnium
652 4120 761 4190 favete,
778 4131 803 4171 et
843 4123 980 4192 consequi.

299 4199 471 4252 admiratione
489 4199 623 4252 bominum
639 4217 670 4248 nt?
684 4199 799 4250 deonna.
879 4199 920 4266 45.
936 4201 1030 4252 Motus.
1045 4200 1145 4252 Gnllire
1158 4199 1279 4250 mnrcltes.
