3142 4938
537 527 540 535 ·
577 501 721 566 LIBER
744 501 936 565 PRIMUS.
1221 504 1279 566 105

238 633 330 700 circa
345 644 505 698 montem
520 651 631 696 unum
647 624 912 724 pependerunt,
925 651 992 698 nec
1010 623 1136 697 diebus
1151 626 1282 716 modo,

236 741 298 815 sed
321 741 485 814 noctibus
510 767 653 840 quoque
674 744 795 812 omnia
820 745 975 836 experti:
1003 767 1114 840 quum
1137 739 1282 814 tandem

236 855 387 929 Manlius
400 873 507 929 nocte
520 855 724 943 subeuntes,
738 853 905 953 clangore
919 860 1049 927 anseris
1064 859 1248 944 excitatus,
1261 883 1282 928 a

236 999 373 1046 summa
395 999 485 1072 rupe
508 971 654 1072 dejecit3
679 987 715 1042 et
736 986 776 1042 ut
796 995 897 1069 spem
919 969 1078 1042 hostibus
1101 970 1281 1061 demeret,

237 1113 454 1187 quamquam
467 1092 504 1159 in
520 1111 659 1159 summa
674 1085 788 1173 lame,
811 1101 931 1156 tamen
951 1083 997 1156 ad
1017 1089 1172 1182 speciem
1190 1087 1283 1159 fidu·

120 1249 124 1256 ·
237 1207 318 1292 ciae,
335 1229 445 1300 panes
459 1201 505 1274 ab
522 1227 604 1275 arce
619 1197 793 1300 jaculatus
809 1215 871 1270 est.
889 1201 934 1270 Et
947 1213 1037 1272 stato
1052 1199 1210 1298 quodum
1225 1201 1283 1274 die
1303 1217 1335 1270 16

236 1345 302 1417 per
316 1317 452 1391 medias
470 1315 626 1390 bostium
646 1313 822 1388 custodias
841 1312 993 1386 Fabium
1013 1315 1220 1412 pontificem
1238 1315 1283 1389 ab

237 1459 319 1505 arce
336 1432 497 1522 demisit,
514 1436 576 1530 qui
594 1428 737 1502 solenne
758 1454 896 1501 sacrum
915 1433 952 1501 in
969 1430 1145 1522 Quirinali
1162 1449 1284 1505 monte

238 1547 442 1620 conficeret.
460 1551 575 1646 Atque
593 1543 651 1618 ille
671 1571 737 1644 per
753 1545 871 1617 media
890 1542 1045 1617 bostium
1061 1545 1131 1619 tela
1149 1545 1285 1619 incolu-

238 1668 305 1734 mis
320 1661 497 1762 religionis
513 1661 641 1735 auxilio
655 1661 778 1752 rediit,
793 1665 1038 1761 propitiosque
1053 1661 1139 1735 deos
1154 1690 1284 1736 renun·
1375 1746 1378 1756 Ι

239 1783 349 1851 tiavit.
362 1779 556 1850 Novissime
570 1803 680 1878 quum
689 1777 764 1876 jam
783 1773 921 1849 obsidio
935 1803 999 1849 sua
1011 1774 1183 1851 barbaros
1197 1778 1282 1852 lati·
1304 1811 1334 1866 ¹7

236 1911 368 1993 gasset,
384 1891 479 1965 mille
495 1892 617 1991 pondo
638 1896 714 1965 auri
732 1917 908 1973 recessum
926 1917 1030 1964 suum
1046 1893 1282 1984 venditantes,

237 2010 344 2109 idque
356 2013 472 2107 ipsum
483 2035 549 2106 per
560 2006 799 2096 insolentiam,
810 2032 921 2105 quum
932 2005 978 2078 ad
990 2010 1111 2105 iniqua
1123 2007 1284 2106 pondera

237 2125 361 2198 addito
370 2123 625 2223 adbucglatlio,
634 2120 788 2222 superbe
799 2125 881 2193 «Vae
888 2121 1004 2193 victis!
1015 2157 1030 2189 n
1041 2125 1283 2222 increparent,

240 2240 357 2314 subito
371 2267 549 2342 aggressus
563 2265 584 2313 a
597 2255 698 2340 tergo
713 2235 881 2312 Camillus
896 2237 986 2311 adeo
1004 2237 1147 2332 cecidit,
1160 2256 1200 2311 ut
1211 2270 1283 2316 om·

241 2395 255 2420 a
265 2392 297 2425 eo
308 2374 412 2426 initium
425 2373 502 2426 cudis
514 2387 617 2438 ortum;
632 2389 740 2428 ceteros
786 2390 828 2440 tt,
845 2372 895 2444 3);
911 2374 952 2426 'cles
965 2392 1028 2448 pens
1042 2377 1088 2448 qui
1101 2395 1127 2429 se
1142 2379 1284 2450 mposaicnt

241 2475 254 2500 ι
263 2455 290 2506 in
303 2453 409 2508 sedibus
421 2455 475 2506 suis
486 2453 660 2508 trucidatos.»
780 2453 812 2506 dc
828 2451 854 2505 la
869 2454 955 2506 strete
970 2455 1001 2507 dc
1018 2454 1074 2507 leur
1085 2459 1166 2531 parde
1183 2477 1228 2511 sur
1241 2458 1284 2513 des

279 2532 515 2608 strepuerunt.
528 2536 740 2600 Heseruut‚mo·
780 2534 832 2587 cies
841 2544 867 2585 et
877 2535 973 2587 nudes
986 2534 1073 2589 chiens
1081 2573 1091 2602 ,
1108 2537 1173 2590 duat
1186 2536 1219 2589 ils
1232 2557 1284 2608 pu·

239 2615 288 2665 rati
306 2627 375 2666 sunt.
394 2617 433 2668 Ea
448 2617 486 2668 vis
503 2627 544 2668 est
561 2628 650 2668 autem
665 2614 739 2667 verbi
780 2615 901 2667 nisuient
920 2613 948 2666 la
968 2634 1069 2687 pareest.-
1089 2627 1115 2667 ct
1135 2617 1284 2685 reeompen-

237 2693 348 2764 pettdm
362 2707 409 2762 ut,
424 2695 525 2748 inlecta
538 2713 567 2746 re
583 2693 690 2760 cedere,
702 2695 740 2746 si-
778 2693 859 2744 suicut
871 2691 900 2743 la
913 2692 1050 2764 vigilance.
1060 2717 1072 2741 ι
1086 2693 1232 2770 lie'flext'ons
1241 2713 1286 2747 sur

237 2771 352 2840 guilicet.
364 2773 406 2826 Sic
416 2773 507 2843 Virgil.
521 2772 678 2838 AEneid.1v,
689 2772 738 2825 88:
780 2771 816 2823 les
826 2771 966 2838 Romaim,
979 2773 1055 2844 clrap.
1069 2772 1094 2823 3.

242 2849 381 2902 «Pendeat
404 2869 486 2921 opera
506 2853 668 2922 interrupta,
689 2853 740 2902 mi·
819 2850 858 2902 tii.
880 2849 994 2902 Solenae
1011 2870 1120 2903 nerum.
1143 2853 1285 2906 Sciendum

244 2944 360 2996 tueque
379 2930 518 2980 Mororum
536 2930 688 3000 ingentem·
705 2955 742 2966 -
781 2941 819 2980 est
827 2945 881 2978 nou
890 2927 998 2980 solenne
1006 2927 1072 2978 illud
1080 2948 1184 2981 sacrum
1192 2933 1285 3002 populi

239 3005 353 3058 Anseris.
373 3008 410 3058 Ex
427 3005 480 3057 boo
498 3007 570 3056 lacto
588 3019 615 3057 et
633 3005 744 3076 quibus·
780 3007 894 3058 Romani
904 3007 1000 3070 luisse,
1012 3004 1058 3058 ted
1069 3007 1202 3078 peculiare
1214 3013 1286 3079 genti

239 3081 302 3136 dam
316 3083 374 3136 aliis
388 3082 478 3153 colligi
492 3095 596 3154 potest,
608 3085 742 3136 Romanos
781 3083 876 3136 Fabiu.
887 3087 943 3136 Nee
953 3083 1050 3136 Fabius
1062 3085 1133 3138 idem
1144 3087 1188 3139 ille
1199 3091 1286 3160 ponti-

239 3165 268 3216 iu
291 3164 382 3236 primis
405 3161 557 3235 reipublice
579 3163 743 3235 temporibus
782 3165 843 3230 lex,
861 3182 914 3234 quo
931 3162 1076 3218 devovente
1095 3165 1145 3218 diis
1164 3167 1287 3222 manibus

240 3261 294 3296 uon
309 3242 473 3318 usqueadeo
488 3243 608 3296 militaris
619 3245 682 3296 artis
693 3262 742 3315 pe·
783 3265 811 3300 se
825 3257 882 3297 tum
896 3260 1084 3299 consecrarunt
1096 3249 1223 3314 Romani,
1241 3251 1284 3302 eui

240 3323 304 3375 ritus
315 3323 409 3389 luisse,
420 3342 499 3396 quum
511 3323 619 3396 quidam
631 3323 680 3377 sibi
692 3323 743 3376 fin·
782 3325 872 3377 Marco
882 3344 1033 3397 prenomen
1042 3328 1107 3394 luit,
1121 3341 1186 3382 teste
1194 3330 1284 3396 Livio,

239 3420 302 3472 gere
323 3403 429 3465 voluut;
451 3405 488 3457 ita
511 3419 540 3456 ut
563 3403 742 3458 Setun-Erue·
782 3405 869 3458 sedC.
884 3404 981 3458 Fabius
994 3407 1095 3460 Domus
1109 3404 1153 3459 bic
1167 3407 1284 3460 voeabu-

240 3494 313 3530 uoru
329 3481 374 3550 qui
390 3483 481 3552 sepius
496 3483 627 3534 immerito
642 3483 742 3534 Roma·
782 3499 834 3552 tur,
843 3487 889 3557 qui
900 3485 952 3538 hoc
964 3487 1122 3540 sacrificium
1135 3507 1187 3540 suae
1199 3481 1285 3559 geritis

241 3574 292 3609 nos
305 3560 405 3628 carpit,
418 3558 446 3610 h.
456 3561 473 3612 l.
482 3573 569 3614 tamen
578 3565 640 3634 jure
650 3561 741 3633 aliquo
780 3567 808 3618 in
818 3566 886 3618 colle
894 3566 1024 3632 Quirinali
1032 3581 1088 3620 tum
1096 3571 1213 3640 suscepit
1220 3587 1283 3620 cou-

240 3638 337 3691 dixisse
353 3636 488 3692 videaturr
509 3642 559 3696 «St
578 3642 613 3696 les
629 3642 741 3695 hetde-
781 3645 931 3698 ficiendum.
944 3648 1023 3700 Sonat·
1194 3687 1197 3694 .

241 3717 359 3770 monicus
376 3719 482 3770 avaient
500 3738 535 3770 vu
552 3719 658 3793 l'erpcce
675 3719 743 3776 d'art
821 3743 860 3796 ¹7·
876 3726 1051 3780 Vendituutcs.
1066 3725 1136 3779 Edit.
1151 3729 1179 3780 P.
1196 3728 1284 3780 vendi·

242 3795 367 3850 militairc
382 3815 435 3870 que
449 3799 624 3870 prutiquaieut
641 3800 676 3854 les
692 3804 743 3854 llo·
782 3804 1067 3878 canus-Aggasus
1077 3827 1094 3858 a
1106 3819 1176 3878 terpo
1188 3807 1284 3860 camit-

243 3875 370 3930 maimm
385 3896 413 3929 ce
427 3877 562 3950 temps-ld,
577 3881 609 3951 je
624 3899 658 3932 ηε
668 3881 744 3933 doute
783 3883 830 3936 lus.
852 3884 963 3934 variant
984 3883 1012 3934 iu
1032 3882 1083 3936 bae
1103 3903 1131 3936 re
1154 3887 1285 3940 narranda

240 3972 290 4027 pus
309 3955 386 4028 qu'ils
403 3954 529 4010 u'erment
546 3959 601 4029 pn's
616 3975 684 4030 pour
702 3958 745 4011 det
783 3965 925 4033 scriptores
938 3963 1042 4015 vetusti.
1054 3964 1142 4016 Livius
1153 3966 1186 4032 V,
1197 3966 1246 4036 ⁴9³
1259 3982 1285 4019 et

242 4034 745 4110 burburetdctpeusquitltut'eutlulm'dc
784 4039 916 4093 Plutarch.
930 4042 958 4092 iu
971 4041 1082 4094 Camillo
1098 4043 1218 4098 scribunt
1231 4047 1285 4098 Cu-

240 4113 745 4189 wclteuauxpourdonnerplutd'im·
785 4119 886 4172 millum
910 4121 939 4172 in
963 4121 1022 4192 ipso
1049 4121 1177 4188 articulo,
1202 4139 1285 4192 quum

240 4195 368 4264 fluente
375 4195 392 4246 d
404 4194 431 4248 ta
442 4195 652 4267 caualcric(vide
664 4215 743 4270 supra
784 4199 852 4252 Galli
866 4213 891 4252 et
905 4203 1016 4254 lloruuni
1031 4201 1193 4274 ponderibus
1208 4199 1286 4252 ulter-
