3156 4950
551 470 695 535 LIBER
718 471 936 537 TERTIUS.
1204 474 1265 538 205

226 621 370 696 sequens
383 594 470 668 ultio
481 593 670 668 mandatur
678 592 820 668 Albino.
834 593 903 667 Sed
914 593 1017 695 hujus
1028 621 1173 697 quoque
1183 599 1267 696 (pro

226 710 376 784 dedecus
384 709 410 806 l)
423 715 472 782 ita
481 713 644 809 corrupit
655 713 864 799 exercitum,
876 725 917 781 ut
925 708 1124 783 voluntaria
1132 728 1269 784 nostro-

224 851 303 898 rnm
319 824 403 924 iuga
415 829 573 900 vinceret
586 823 758 913 Numida,
778 827 969 922 castrisque
985 829 1160 922 potiretur
1176 852 1182 898 :
1199 825 1267 898 ad-

224 940 298 1014 dito
311 946 418 1015 etiam
428 946 526 1041 turpi
540 940 675 1014 foedere
688 945 724 1012 in
733 945 890 1039 pretium
901 939 1036 1028 salutis,
1052 967 1159 1040 quem
1171 947 1268 1040 prius

224 1073 374 1148 emerat,
392 1062 585 1132 exereitum
604 1058 746 1129 dimisit.
768 1055 906 1129 Eodem
924 1072 1086 1154 tempore
1106 1062 1143 1130 in
1159 1058 1268 1130 ultio-
1287 1085 1319 1122 ιο

222 1199 305 1248 nem
315 1201 385 1248 non
395 1192 469 1247 tam
479 1176 800 1272 imperiiRomani,
811 1195 920 1270 quam
931 1168 1267 1268 pudoris,Metellus

224 1295 388 1388 assurgit:
406 1296 467 1389 qui
482 1288 706 1362 callidissime
717 1285 856 1360 hostein
870 1310 964 1358 nnnc
976 1284 1158 1383 precibus,
1175 1312 1268 1359 nunc

223 1409 344 1494 minis,
364 1406 440 1503 jam
462 1403 645 1493 simulata,
666 1403 814 1502 jamque
835 1427 920 1476 vera
939 1401 1025 1500 fuga
1045 1400 1266 1491 eludentem,

224 1515 357 1588 artibus
384 1522 452 1590 suis
480 1543 660 1616 aggressus
688 1533 748 1588 est.
774 1520 952 1615 Agrorum
975 1531 1081 1614 atque
1106 1519 1267 1588 vicorum
1289 1545 1315 1580 ιι

225 1628 455 1726 populatione
477 1658 549 1704 non
570 1648 773 1721 contentus,
797 1636 834 1702 in
855 1635 932 1729 ipsa
951 1630 1128 1702 Numidiae
1151 1635 1268 1729 capita

224 1748 397 1850 impetum
416 1746 518 1836 feeit,
536 1765 571 1821 et
588 1751 733 1820 Zamam
755 1746 901 1847 quidem
917 1746 1046 1821 frustra
1062 1746 1124 1820 diu
1140 1745 1266 1836 voluit;

224 1876 389 1934 caeterum
408 1861 577 1956 Thalam,
601 1889 747 1963 gravem
761 1867 886 1951 armis,
906 1861 1160 1963 thesaurosque
1177 1868 1268 1962 regis

214 1973 380 2074 diripuit.
395 1978 496 2050 Tunc
512 1977 660 2051 urbibus
680 1994 824 2050 exutum
841 2002 979 2076 regem,
997 1979 1125 2076 etjam
1142 1977 1267 2051 finium
1288 2008 1317 2043 ια

223 2114 369 2164 suorum
382 2097 552 2196 regnique
566 2092 773 2194 fugitivum,
789 2119 855 2190 per
870 2093 1015 2164 Mauros
1031 2107 1138 2190 atque
1153 2093 1266 2165 Getu-

221 2203 307 2277 liam
326 2207 549 2306 sequebatur.
573 2213 757 2282 Postremo
771 2209 923 2297 Marius,
945 2213 1055 2280 auctis
1070 2206 1267 2282 admodum
1288 2223 1317 2275 13

224 2323 353 2418 copiis,
366 2348 475 2421 quum
490 2347 557 2421 pro
574 2322 789 2397 obscuritate
801 2325 937 2422 generis
951 2326 1004 2394 sui
1018 2327 1134 2422 capite
1147 2349 1268 2398 censos
1306 2373 1309 2384 ·

212 2453 441 2510 sacramento
464 2435 655 2538 adegisset,
674 2439 750 2538 jam
769 2437 885 2510 iusum
913 2453 947 2510 et
967 2442 1125 2512 saucium
1146 2466 1265 2540 regem

257 2679 282 2730 9-
301 2664 381 2733 Quem
396 2668 470 2738 prius
485 2679 589 2722 marat.
609 2669 722 2720 Preiero
803 2683 841 2718 rr.
854 2666 916 2719 Nou
933 2676 1076 2718 contentus.
1092 2665 1169 2719 Solus
1183 2665 1264 2738 Ryclr.

221 2737 290 2792 hanc
311 2740 452 2797 lectionem
475 2747 527 2798 Pel.
549 2765 580 2814 a,
600 2767 649 2818 pro
669 2765 722 2818 qua
763 2744 1266 2817 exbibetpsrticulasnuon.Cmterieum

222 2816 313 2869 Nom.
325 2839 386 2872 eum
395 2821 453 2874 aliis
464 2823 623 2894 quibusdam
635 2836 723 2876 osten·
763 2824 879 2879 aditione
891 2827 1012 2897 Principe
1023 2827 1154 2895 ignorem.
1170 2825 1263 2876 Nauar.

223 2893 278 2948 dit:
296 2903 365 2971 quod
375 2902 450 2974 prius
462 2915 567 2956 meret.
581 2905 723 2975 Aptissima
761 2902 929 2969 liberhebet,
937 2902 1109 2976 populatione
1117 2913 1264 2954 cornutus.-

223 2974 367 3046 respondet
383 2997 461 3050 quem
481 2983 602 3050 sequenti
621 2983 723 3032 nomini
762 2981 834 3034 unde
848 2981 989 3036 Salmasius
1003 2982 1127 3052 conjicit:
1144 2981 1266 3034 Virorum

223 3054 381 3114 exercitum,
402 3069 428 3107 et
448 3059 485 3107 rei
503 3060 623 3124 veritati,
642 3075 723 3129 quum
763 3062 921 3113 civicorum
937 3061 1110 3133 populatione
1126 3072 1263 3114 contemta.

214 3130 417 3202 quadriennio
438 3133 588 3204 ambiguam
609 3135 724 3207 explica·
764 3137 960 3192 Freinshemius
988 3139 1094 3192 volebat
1122 3143 1265 3196 contemtis.

223 3210 321 3264 tionem
332 3210 462 3266 admittat.
472 3213 560 3266 Tarus.
736 3209 742 3223 ¹
764 3219 889 3272 Profecto
894 3219 985 3275 uuum
992 3219 1102 3290 aliquod
1109 3219 1153 3274 bic
1158 3217 1267 3274 subesse

261 3307 299 3345 ro.
324 3292 442 3346 Pudoris.
467 3292 497 3346 ld
518 3307 574 3360 eat,
595 3295 724 3346 existima·
757 3291 876 3352 ⁸uidetur.
889 3301 1054 3352 -Zameuu
1067 3300 1161 3352 Africus
1172 3301 1266 3354 urbem

224 3371 316 3437 rionis,
334 3391 415 3444 qnam
435 3372 524 3426 lesam
541 3373 583 3426 vel
602 3375 724 3426 amissam
766 3381 883 3450 quinque
900 3379 1001 3431 dierum
1021 3380 1111 3432 itinere
1130 3378 1266 3450 Cartbagi-

214 3447 498 3524 .pudoreonsaquitur.
507 3452 721 3506 -Callids'ssime
765 3477 799 3510 ne
814 3457 964 3512 distantem.
977 3488 1012 3501 ·-
1025 3458 1176 3514 Thesauros.
1193 3459 1265 3512 MSS.

223 3527 303 3580 Tira:
316 3531 415 3601 recepit
428 3533 456 3584 in
469 3545 571 3584 textum
585 3531 723 3588 callidissi-
764 3540 844 3609 Regg.
855 3539 1265 3612 thesauro5necinepte,utnobis

223 3625 316 3672 mum,
341 3610 478 3663 suadente
491 3612 671 3666 Freinshemio
697 3631 724 3671 et
763 3615 875 3670 ridetur.

222 3685 390 3758 approbante
399 3690 521 3759 Dukero,
532 3695 578 3765 qui
589 3695 724 3750 callidissi-
803 3696 844 3748 13.
864 3699 952 3770 Capite
970 3718 1063 3756 censos.
1082 3700 1177 3770 Capite
1195 3701 1267 3752 censi

222 3783 295 3817 mum
310 3767 449 3820 invenitin
462 3770 515 3822 MS.
527 3772 682 3826 Florentino
698 3787 724 3826 et
763 3774 1011 3846 iidicebanturqui
1024 3795 1105 3848 quum
1116 3795 1171 3829 non
1182 3775 1266 3829 habe-
1318 3781 1323 3792 ’

222 3845 347 3915 Maglieb.
361 3875 396 3886 -
410 3845 472 3896 Jam
485 3848 726 3923 simuletajamque
764 3868 824 3908 rent
841 3855 912 3908 bona
931 3874 988 3926 quse
1006 3857 1033 3906 in
1055 3871 1164 3906 censum
1184 3855 1266 3908 refer·

223 3941 283 3978 uera
292 3927 372 4000 fispa.
389 3929 464 3978 Hanc
479 3929 724 3990 remmio-ctionem
763 3947 840 3998 rent,
859 3935 946 4004 eapite
963 3947 1065 3986 tantum
1082 3934 1266 4003 censebantur,

222 4019 289 4076 puto
302 4025 382 4078 quam
397 4007 515 4060 offerunt
528 4009 583 4062 MS.
599 4009 683 4062 Berol.
698 4023 725 4062 et
765 4025 791 4064 et
803 4014 849 4083 qni
859 4012 996 4082 proletarii
1008 4013 1071 4066 dicti
1082 4029 1152 4068 sunt.
1160 4019 1266 4072 -Seu·

222 4085 532 4161 Dnisb.lneptaquidem
539 4088 724 4162 vulgata‚jam
765 4091 845 4142 dum.
866 4091 904 4144 De
924 4091 1000 4146 clade
1020 4095 1048 4147 in
1066 4095 1137 4150 bello
1156 4111 1265 4171 accepts

222 4165 357 4232 simulata,
366 4169 426 4239 jam
438 4169 583 4241 quasivero
592 4168 670 4240 fraga.
765 4187 844 4242 supra
856 4167 884 4224 id
895 4169 949 4224 dici
957 4175 1012 4243 jam
1024 4178 1181 4230 monuimus.
