3108 4956
480 519 624 584 LIBER
647 517 888 601 QUARTUS.
1145 519 1206 602 287

164 663 312 746 repente
331 643 466 744 legatus
482 645 555 744 ejus
575 646 746 716 Octavius
767 641 858 714 Libo
877 642 1076 741 ingentibus
1098 647 1211 743 copiis

163 762 391 836 classicorum
404 763 636 833 circumvenit
646 776 847 856 utrumque.
861 757 1087 830 Deditionem
1100 757 1211 831 fames
1228 775 1261 830 32

164 880 310 950 extorsit
326 877 494 947 Antonio.
517 877 632 946 Missua
650 895 794 972 quoque
812 897 834 944 a
851 867 966 943 Basilo
987 875 1023 942 in
1043 871 1210 946 auxilium

163 993 239 1092 ejus
256 1007 365 1082 rates,
388 989 508 1091 quales
526 993 649 1088 inopia
665 991 808 1061 navium
827 985 977 1077 fecerat,
998 1013 1091 1061 nova
1109 991 1212 1060 Pom-

165 1112 374 1206 peianorum
390 1122 466 1178 arte
479 1103 648 1194 Ciliemn,
665 1107 752 1176 actis
763 1101 828 1174 sub
840 1126 939 1174 mare
955 1101 1114 1193 funibus,
1131 1129 1212 1203 cap·

165 1239 209 1296 tte
225 1227 324 1323 quasi
342 1247 409 1322 per
426 1220 640 1320 indaginem.
660 1222 756 1290 Duas
771 1207 891 1290 tamen
908 1234 1010 1291 matus
1026 1216 1211 1316 explicuit:
1229 1242 1264 1296 33

166 1365 253 1428 una,
270 1363 349 1438 quae
364 1339 594 1435 Opiterginos
610 1332 765 1422 ferebat,
782 1337 819 1404 in
832 1331 932 1405 vadis
948 1330 1064 1422 haesit,
1081 1359 1214 1405 memo·

164 1453 392 1552 randumque
413 1453 564 1550 posteris
585 1451 719 1521 exituum
737 1447 847 1522 dedit.
870 1449 1015 1548 Quippe
1037 1452 1095 1522 vix
1118 1448 1214 1522 mille

162 1571 336 1668 juvenum
349 1591 489 1656 manus,
503 1563 707 1637 circumfusi
719 1563 878 1665 undique
892 1568 1064 1637 exercitus
1079 1591 1146 1665 per
1161 1581 1199 1638 to

169 1701 245 1756 tum
263 1682 360 1756 diem
375 1679 447 1754 tela
465 1683 643 1768 sustinuit;
671 1695 706 1752 et
730 1705 842 1778 quum
860 1683 994 1752 exitum
1011 1683 1120 1752 virtus
1141 1705 1215 1752 non

169 1797 333 1888 baberet,
357 1815 476 1872 tamen
501 1821 547 1868 ne
572 1799 608 1866 in
631 1794 851 1868 deditionem
876 1798 1026 1887 veniret,
1049 1793 1214 1869 hortante

168 1913 329 1986 Tribuno
344 1911 503 2002 Vulteio,
519 1915 649 1982 mutuis
663 1907 792 1982 ictibus
803 1913 839 1981 in
854 1935 890 1982 se
905 1915 1140 1983 concucurrit.

219 2032 259 2100 ln
267 2027 388 2102 Africa
399 2052 542 2127 quoque
555 2051 621 2124 par
630 2042 666 2096 et
676 2017 803 2114 virtus,
816 2042 851 2098 et
861 2023 1041 2098 calamitas
1051 2028 1215 2099 Curionis
1231 2053 1268 2121 ³4

169 2143 256 2218 fair:
271 2149 332 2242 qui
343 2143 391 2216 ad
405 2140 648 2242 recipiendam
660 2143 881 2239 provinciam
894 2145 1034 2232 missus,
1046 2139 1149 2240 pulso
1163 2140 1216 2214 fu:

168 2263 430 2360 gatoqueVaro
436 2257 512 2356 jam
521 2254 705 2355 superbus,
715 2254 983 2349 subitumlubae
993 2259 1082 2355 regis
1093 2256 1218 2328 adven·

171 2392 264 2464 tum,
288 2378 553 2475 equitammque
571 2373 781 2444 Maurorum
803 2377 973 2445 sustinere
992 2399 1064 2446 non
1089 2379 1216 2472 potuit.

171 2487 320 2563 Patebat
333 2493 427 2562 victo
446 2487 549 2588 fuga:
568 2487 630 2560 sed
647 2486 766 2585 pudor
779 2492 900 2576 suasit,
920 2504 959 2559 ut
975 2491 1139 2560 amissum
1156 2516 1218 2562 sua

171 2608 370 2677 temeritate
385 2608 578 2678 exereitum
592 2617 708 2676 morte
722 2619 936 2702 sequeretur.
953 2603 1022 2676 Sed
1029 2602 1105 2702 jam
1121 2603 1218 2676 debi·
1235 2627 1269 2684 35
1326 2665 1328 2670 ⁷
1367 2650 1370 2658 ·

173 2822 226 2861 tem
239 2807 325 2860 insula
338 2823 379 2861 est
393 2808 483 2882 illyriae
497 2809 633 2882 adjacens,
646 2820 677 2860 nt
718 2808 888 2882 Opiterpiuos.
908 2807 1072 2880 Opitergium
1090 2805 1219 2878 oppidum

174 2905 206 2938 aa
215 2887 300 2937 Plinio
310 2899 411 2938 notum.
423 2917 459 2927 -
473 2889 593 2940 Octavius
602 2887 674 2939 Lito.
715 2891 894 2954 Venetorum,
910 2905 988 2960 supra
1004 2888 1090 2938 sinum
1104 2885 1219 2940 Adriati-

175 2967 215 3018 lta
224 2981 316 3018 omnes
327 2965 413 3030 MSS„
426 2978 452 3018 et
462 2983 516 3017 non
527 2966 602 3017 aliter
613 2965 676 3018 Flo·
716 2983 786 3017 cum.
799 2995 836 3006 --
845 2966 955 3018 Exitum
971 2965 1050 3016 dedit.
1068 2962 1120 3016 atii
1131 2983 1218 3017 exem-

175 3063 233 3096 rum
244 3045 379 3113 scripsisse
389 3043 529 3095 verborum
539 3057 677 3096 contextus
715 3044 791 3114 pium
799 3044 878 3111 dedit,
886 3043 1014 3096 etmeliua
1022 3044 1125 3105 lorsam
1137 3045 1219 3114 quium

176 3123 301 3176 ostendit.
322 3124 390 3174 Nam
410 3123 438 3174 in
458 3141 489 3173 eo
506 3137 559 3189 est,
581 3122 678 3196 [epotata
717 3122 807 3196 paullo
819 3136 880 3194 post
893 3124 990 3175 exitum
1004 3137 1130 3175 recurrat.

175 3205 229 3276 qaas
249 3203 418 3255 dmamveait
437 3213 590 3275 utrumqu25
609 3215 636 3254 et
656 3204 679 3256 ai
753 3200 796 3269 34.
818 3201 870 3255 Sed
886 3201 984 3275 pudor,
1004 3213 1054 3254 etc.
1079 3202 1164 3256 Gaesar
1186 3199 1220 3256 da

177 3283 325 3354 scripsiaaet
334 3281 426 3334 Florus
437 3283 559 3335 Octauius
566 3292 592 3334 et
601 3283 677 3348 Lito,
717 3279 790 3335 Bello
807 3280 882 3334 Civili
900 3282 936 3348 ll,
955 3279 1004 3348 da:
1024 3281 1124 3334 «Curio
1141 3301 1220 3334 nurn-

177 3359 347 3413 seribendum
367 3379 475 3433 quoque
491 3362 584 3414 fuisset
599 3360 679 3436 iepati
721 3379 821 3434 aquam
841 3363 937 3416 amisso
957 3363 1086 3428 exercitu,
1107 3383 1185 3434 quem
1205 3381 1220 3416 a

176 3439 401 3494 circumvenerunt
412 3455 558 3518 utrumque.
573 3443 620 3497 Eat
631 3441 680 3512 igi-
722 3441 844 3494 «Caeaare
857 3440 917 3494 iidei
928 3459 982 3494 sure
994 3443 1162 3496 commissum
1174 3461 1220 3496 ac-

178 3533 223 3573 tur
244 3519 314 3571 Flori
334 3539 425 3588 anor,
448 3523 494 3596 qni
519 3541 551 3574 aa
574 3520 681 3574 duobus
722 3523 857 3594 «ceperit,
875 3539 903 3574 ae
922 3524 978 3593 ejus
999 3523 1026 3574 iu
1046 3537 1220 3596 conspectum

178 3617 262 3653 unum
273 3597 407 3652 homina-
418 3599 550 3654 conflavit.
563 3599 650 3654 Gaea
724 3619 920 3667 novenorum,
932 3601 1084 3665 confirmem
1094 3616 1174 3676 atque
1184 3605 1220 3656 ita

216 3678 258 3733 32.
272 3679 369 3732 Basilo.
386 3681 451 3732 Mira
464 3680 517 3734 hoe
532 3684 559 3733 in
573 3681 681 3734 nomine
724 3679 864 3752 apreliana
874 3679 1060 3733 interficitur.»

179 3762 291 3814 variant.
312 3789 349 3800 -
366 3761 443 3814 Novo
461 3760 681 3834 Pompeianorum
756 3757 799 3812 35.
811 3759 864 3811 Sed
863 3759 922 3832 jam
932 3759 1045 3812 deditum
1057 3777 1108 3832 par
1110 3759 1222 3832 fortuna

179 3851 235 3892 arta
256 3839 376 3893 Cilicum.
401 3842 524 3892 Lucanus
545 3839 589 3904 tv,
611 3836 680 3908 449:
713 3837 864 3916 flaqitante.
894 3837 1052 3911 Metaphora
1079 3841 1164 3912 petita
1188 3841 1221 3894 nb

184 3918 239 3967 adt
248 3917 425 3988 Pompeianus
435 3917 540 3970 fraudes
550 3917 683 3968 innectere
722 3916 826 3970 athletis
846 3931 892 3972 aut
909 3917 1116 3989 gladiatoribus,
1140 3939 1221 3994 quum

183 4008 290 4068 aponto
301 3995 416 4068 Antiqua
428 4008 506 4068 parat
515 4007 570 4046 arte
582 3991 680 4045 Cilix.-
722 3994 838 4068 populna
850 3997 928 4066 paria
943 3995 1117 4070 gladiatorum
1135 4017 1150 4050 a
1165 4018 1222 4053 mu-

218 4073 261 4126 33.
274 4072 499 4146 Eiones-plicuit.
512 4075 684 4126 Maaerecur-
722 4073 887 4127 narratoribus
907 4093 1016 4147 poscere
1036 4077 1143 4131 soleret.
1165 4079 1223 4133 Neo

182 4169 243 4203 rena
260 4149 338 4204 altius
356 4169 436 4204 naves
452 4149 598 4204 attollendo
616 4148 683 4202 duas
724 4151 765 4204 his
783 4152 1013 4222 intercedendum,
1033 4159 1078 4228 qui
1089 4158 1165 4226 aliter
1178 4157 1223 4212 hic

184 4227 320 4302 explicuit,
337 4231 471 4286 extricaait
486 4249 500 4285 e
515 4229 632 4285 funibus.
648 4259 683 4270 —
723 4231 821 4304 legunt.
841 4235 932 4288 Senee.
952 4233 986 4288 de
1004 4237 1168 4293 Providentia
1185 4239 1222 4307 ll,
