3142 4958
245 437 613 588 LUCIUS
659 437 1179 590 AMPELIUS

437 690 804 908 Macrino
844 775 993 890 soo
1037 931 1038 936 ψ

511 1105 514 1118 ·
593 1065 833 1132 SALUTEM.

634 1328 794 1348 unt-*—

197 1503 384 1611 VOLENTI
405 1533 473 1608 tibi
490 1539 611 1608 omnia
626 1561 729 1608 nosse
749 1537 871 1634 scripsi
888 1532 983 1606 hunc
998 1533 1148 1606 Librum
1163 1535 1242 1607 Me-

196 1651 400 1743 morialem‚
415 1669 455 1724 ut
469 1657 583 1739 noris,
606 1651 694 1751 quid
708 1651 933 1741 simundus,
951 1649 1038 1750 quid
1048 1649 1239 1740 elementa,

198 1770 285 1871 qnid
299 1769 394 1843 orbis
414 1787 591 1844 terraram
612 1769 722 1862 ferat,
739 1767 796 1840 vel
815 1765 901 1868 quid
917 1793 1026 1867 genus
1044 1764 1242 1838 humanum

197 1889 383 1986 peregerit.
1065 1881 1069 1894 ‘

975 2134 981 2144 ι

195 2165 324 2186 mm
328 2164 1241 2192 mmmmmmwumffl

480 2367 678 2446 CAPUT
709 2367 956 2448 PRIMUM.

567 2617 636 2688 DE
660 2619 873 2690 MUNDO.
959 2653 963 2664 ¹

247 2853 421 2943 Mundus,
438 2870 489 2926 est
501 2860 709 2928 universitas
722 2883 861 2948 rerum,
876 2862 913 2933 in
926 2883 999 2957 quo
1011 2860 1132 2930 omnia
1145 2871 1243 2944 sunt,

200 2983 235 3041 et
248 2984 346 3040 extra
357 2994 463 3067 quem
473 2967 577 3060 nihil,
591 2975 652 3068 qui
664 2971 789 3043 Graece
804 2971 934 3043 dicitur
946 2985 1048 3060 κόσμος.
1061 2969 1246 3048 Elementa

198 3083 324 3156 mundi
336 3100 513 3183 quattuor.
527 3086 637 3183 Ignis,
649 3111 691 3159 ex
701 3113 773 3185 quo
784 3103 836 3158 est
848 3085 982 3160 caelum.
993 3089 1111 3185 Aqua,
1124 3113 1165 3158 ex
1176 3110 1255 3184 qua.

199 3224 298 3273 mare
311 3225 495 3272 oceanum.
508 3202 591 3290 Aer,
602 3227 645 3273 ex
659 3227 730 3302 quo
742 3207 853 3293 venti,
867 3217 1103 3299 tempestates.
1119 3203 1246 3288 Terra,

201 3314 1248 3415 quampropterformamejusorbemterrarumappellamus.

202 3427 287 3502 Caeli
306 3436 466 3530 regiones
483 3447 564 3504 sunt
580 3447 766 3530 quattuor:
784 3437 919 3522 oriens,
937 3431 1122 3525 occidens,
1139 3437 1251 3506 meri-.

203 3542 294 3632 tlies,
304 3549 522 3641 septemtrio.
535 3544 670 3619 Caelnm
682 3543 851 3618 dividitur
863 3550 900 3618 in
912 3544 1062 3618 circulos
1073 3549 1229 3645 quinque
1240 3555 1247 3614 ἑ

202 3660 385 3730 Arcticum
399 3675 435 3730 et
446 3662 709 3750 Antarctieum,
727 3665 788 3759 qui
803 3660 851 3733 ob
863 3664 1010 3733 ninriam
1019 3664 1092 3731 vim
1108 3658 1252 3754 frigoris

203 3770 451 3844 inhabitabiles
467 3793 564 3863 sunt;
577 3774 892 3874 AEquinoctialem,
907 3779 963 3846 cui
981 3773 1140 3870 subjacet
1153 3775 1252 3868 regio

204 3913 284 3988 quae
310 3904 589 3962 cataceeaumene
616 3891 762 3981 dieitur,
783 3916 899 3988 neque
922 3886 1104 3974 incolitur,
1127 3884 1174 3957 ob
1198 3891 1254 3956 ni-

204 4006 316 4076 miam
329 4007 402 4074 vir'n
415 4001 567 4078 ardoris:
581 4005 783 4079 Brumalem
796 4020 831 4077 et
843 4001 1087 4092 solstitialem,
1099 3999 1164 4074 sub
1177 4006 1256 4099 qui-

82 4193 83 4198 ,
206 4115 272 4192 bus
294 4117 495 4212 habitatur3
519 4137 599 4194 sunt
624 4126 719 4196 enim
742 4120 1026 4218 temperatissimi
1035 4138 1049 4208 ,·
1073 4142 1139 4216 per
1166 4139 1255 4216 quos

1056 4230 1108 4284 αα*
