3108 4956
310 506 373 586 342
471 501 473 508 ’
651 501 789 566 Lucu
813 447 1017 566 lurein

309 625 473 725 obliquus
490 623 641 698 circulus
654 622 770 714 vadit,
786 649 868 696 cum
882 623 1075 696 duodecim
1088 627 1212 722 siguis,
1227 627 1264 699 iu
1278 625 1359 724 qui-

303 740 376 815 bus
392 741 452 814 Sol
467 767 625 814 annuum
641 739 786 814 conficit
802 765 954 812 cursum.

311 1015 990 1057 wmfflmwmwmwmmm
994 1015 1233 1038 mmwm
1237 1015 1279 1036 ἈΛ
1284 1015 1328 1036 Μ
1332 1018 1357 1036 Ἀ

809 1219 866 1295 ΙΙ.

532 1486 602 1558 DE
626 1485 923 1558 DUODEClM
949 1483 1140 1556 SlGNlS.

779 1679 811 1698 Α

362 1743 469 1842 Signa
480 1759 560 1814 sunt
571 1747 608 1814 in
622 1741 708 1816 caelo
721 1741 928 1827 duodecim.
940 1786 986 1798 —
1000 1744 1101 1814 Aries
1113 1741 1288 1816 beneficio
1298 1744 1360 1814 Li-

313 1859 410 1948 beri,
425 1855 543 1956 quod,
559 1862 587 1929 is
600 1885 711 1958 quum
726 1863 921 1930 exercitum
934 1862 971 1930 in
985 1858 1124 1932 ludium
1133 1885 1199 1957 per
1212 1857 1361 1958 Libyam

315 1973 463 2046 duceret
477 1999 543 2072 per
555 1972 637 2046 loca
651 1978 745 2047 sicca
762 1991 797 2046 et
813 2000 980 2064 arenosa,
999 2001 1111 2074 quarm
1129 2001 1229 2074 aquae
1242 1979 1363 2072 inopie

315 2105 421 2179 esset,
434 2103 469 2161 et
483 2094 653 2163 exercitus
665 2089 738 2188 ejus
749 2093 806 2160 siti
820 2088 1059 2190 adfligeretur,
1072 2094 1161 2162 aries
1174 2094 1222 2162 eis
1237 2113 1363 2189 aquam

317 2202 590 2296 demonstravit,
608 2219 644 2277 et
660 2203 708 2276 ob
723 2201 760 2275 id
775 2231 797 2276 a
812 2203 943 2278 Libero
958 2206 1055 2277 Jovis
1068 2207 1224 2276 Ammon
1238 2219 1291 2275 est
1303 2227 1365 2300 ep·

316 2316 483 2417 pellatus,
499 2323 602 2418 eique
613 2318 737 2391 fanum
746 2319 975 2419 magnificum
987 2317 1087 2408 fecit,
1098 2318 1145 2390 ad
1155 2316 1365 2392 eumlocurn

317 2430 382 2502 ubi
393 2457 524 2530 aquam
537 2437 679 2505 invenit.
697 2431 808 2526 Quod
822 2433 922 2506 abest
938 2433 983 2506 ab
998 2437 1152 2532 AEgypto
1166 2449 1199 2505 et
1212 2431 1366 2504 Alexan·

320 2543 398 2618 dria
410 2545 522 2618 millia
537 2573 704 2644 passuum
720 2560 880 2620 ¹novem.
897 2547 956 2620 Ob
974 2575 1054 2621 eam
1069 2573 1145 2620 rem
1160 2572 1180 2619 e
1195 2549 1284 2619 Jove
1300 2571 1368 2644 pe-

319 2665 394 2752 tiit,
407 2667 490 2736 utin
500 2662 617 2736 sidera
627 2667 855 2762 reciperetur.
873 2663 942 2736 Alii
952 2681 1096 2763 putant,
1110 2689 1293 2751 comesse,
1306 2667 1367 2762 qui

319 2778 449 2852 Hellen
460 2795 495 2852 et
504 2777 685 2878 Phryxum
694 2783 839 2852 vexerit.
857 2822 906 2834 -
921 2781 1060 2852 Taurus
1071 2777 1245 2852 beneficio
1256 2779 1369 2864 Jovis,

322 2921 430 2996 quem
441 2897 607 2995 Juppiter
621 2922 642 2968 a
654 2896 821 2995 Neptuno
836 2893 946 2966 fratre
959 2921 1024 2993 per
1038 2898 1189 2995 gratiam
1206 2889 1369 2978 abduxit,

305 3041 307 3045 ·
322 3017 387 3114 qui
402 3037 545 3084 sensum
560 3009 757 3084 humanum
772 3011 887 3111 figura
905 3014 1014 3084 Tauri
1031 3007 1255 3098 continebat,
1273 3011 1371 3106 isque

298 3139 304 3152 “
322 3131 421 3200 Jovis
432 3129 530 3227 jussu
547 3127 731 3226 Europam
746 3129 918 3227 Agenoris
939 3125 1067 3215 filiam,
1087 3120 1255 3198 'Sidonia
1268 3117 1372 3194 adlu-

324 3242 412 3316 dens
423 3243 584 3343 decepit,
600 3259 636 3318 et
649 3269 729 3316 eam
743 3245 887 3317 Cretam
902 3243 1114 3343 deportavit.
1130 3241 1189 3315 Ob
1203 3263 1282 3314 eam
1296 3263 1374 3312 rem

324 3361 491 3458 Juppiter
507 3363 545 3431 iu
561 3359 736 3432 sideribus
753 3385 836 3433 eum
852 3358 1015 3460 dignatus
1030 3375 1082 3432 est
1091 3353 1283 3432 immortali
1299 3379 1376 3428 me-

324 3477 450 3546 moria.
466 3515 516 3529 --
529 3473 690 3562 Gemini,
706 3477 768 3573 qui
778 3471 1027 3548 Samothraces
1041 3477 1271 3547 nominentur
1282 3493 1375 3558 esse,

326 3603 481 3687 quorum
508 3603 757 3686 argumentum
784 3588 883 3663 nefas
910 3606 962 3662 est
990 3593 1222 3689 pronuntiare
1250 3595 1377 3686 praete'r

327 3731 406 3792 eos,
420 3707 482 3804 qui
495 3707 532 3775 in
545 3701 599 3776 his
613 3721 742 3804 praesto
758 3721 848 3777 sunt.
866 3703 936 3777 Alii
947 3707 1133 3779 Castorem
1145 3720 1181 3778 et
1195 3697 1378 3776 Pollucem

261 3895 263 3900 λ
329 3817 1379 3922 dicunt‚quodhipriucipesmaretutumapraedouibusprae·

369 4081 392 4116 ι.
409 4067 519 4120 Nouem.
538 4069 595 4120 Hoc
609 4081 764 4140 comptum
777 4079 833 4121 est:
874 4063 987 4122 florid.
996 4063 1113 4122 Fremsh.
1127 4065 1161 4118 ad
1168 4064 1240 4116 Cura.
1249 4063 1293 4130 IV,
1302 4077 1327 4130 7,
1339 4059 1379 4113 15.

330 4163 393 4198 nam
408 4163 453 4198 sex
469 4147 571 4200 alierum
584 4150 677 4202 itinere
692 4167 707 4202 a
722 4149 835 4202 Mareoti
911 4165 936 4201 a.
952 4148 1069 4203 Sidonio.
1090 4144 1236 4204 Sidoniam.
1259 4143 1383 4196 Heinsius

331 4221 429 4296 palude
448 4225 569 4308 abfuisse·
580 4227 713 4299 colligitur
733 4246 747 4280 e
766 4227 835 4280 Cur·
875 4225 988 4299 legebat.
