3142 4938
342 483 403 560 ψ
670 477 708 540 n.
733 479 889 542 tunm
913 477 1060 544 rnoru

201 679 221 692 Ἴ
288 624 320 676 28
338 581 544 704 cogitarent.
574 604 832 700 Argumentum
865 608 1013 703 ingentis
1043 609 1218 700 victoriae,
1245 621 1388 684 centnm

337 723 478 791 circiter
499 715 771 817 elephantorum
794 722 994 818 captivitas:
1019 725 1069 794 sic
1091 749 1235 823 quoque
1259 752 1388 826 magna

336 833 475 934 praeda,
499 838 528 906 si
541 859 685 934 gregem
704 831 805 906 illum
820 859 895 908 non
909 833 1022 926 bello,
1039 835 1102 909 sed
1119 843 1306 914 venatione
1325 867 1388 914 ce-

287 975 321 1030 29
337 954 455 1050 pisset.
469 953 587 1048 Appio
605 948 755 1024 Claudio
771 949 934 1042 consule,
946 977 1019 1025 non
1036 951 1082 1027 ab
1094 952 1270 1049 hostibus,
1288 957 1387 1032 seda

337 1067 404 1142 diis
420 1071 504 1168 ipsis
516 1083 700 1166 superatus
712 1083 783 1159 est,
796 1094 950 1169 quorum
962 1074 1119 1168 auspicia
1132 1089 1385 1165 contemserat;

337 1184 388 1260 tbi
406 1190 525 1258 statim
539 1182 648 1257 classe
671 1184 849 1278 demersa,
870 1185 935 1259 ubi
955 1185 1016 1260 ille
1037 1192 1252 1288 praecipitari
1272 1190 1388 1290 pullos

286 1317 321 1374 30
331 1301 501 1400 jusserat,
518 1299 616 1401 quod
630 1326 789 1400 pugnare
804 1298 917 1374 abhis
930 1319 1122 1377 vetaretur.
1135 1306 1261 1378 Marco
1274 1305 1387 1380 Fabio

336 1416 496 1488 Buteone
510 1414 669 1506 consule,
683 1414 830 1489 classem
839 1415 996 1490 hostium
1008 1422 1046 1490 in
1056 1417 1179 1493 Africo
1190 1425 1281 1494 mari
1291 1419 1388 1520 apud

337 1534 576 1630 AEgimurum,
592 1531 668 1631 jam
683 1537 721 1604 in
735 1529 874 1604 ltaliam
890 1531 985 1606 ultro
1001 1539 1228 1636 navigantem
1247 1535 1386 1610 cecidit.
1455 1617 1459 1626 ¹

286 1670 317 1723 31
337 1649 501 1739 Quantus
513 1663 629 1720 otunc
641 1646 844 1749 triumphus
852 1663 1064 1748 tempestate
1075 1652 1267 1744 intercidit,
1277 1679 1389 1753 quum

223 1847 226 1857 ¹
338 1760 508 1860 opulenta
519 1762 641 1863 praeda
652 1761 787 1854 classis,
801 1762 956 1836 adversis
968 1779 1047 1838 acta
1059 1770 1188 1858 ventis,
1202 1765 1388 1866 naufragio

338 1903 401 1950 suo
412 1876 574 1950 Africam
587 1895 624 1950 et
636 1879 772 1978 Syrtes,
793 1895 829 1952 et
843 1884 1005 1952 omnimn
1023 1885 1118 1979 ripas
1140 1886 1317 1980 gentium,
1337 1887 1390 1956 in·

288 2007 320 2062 32
337 1991 495 2080 sularum
510 1991 617 2068 litora
632 1992 811 2095 implevit!
834 1997 966 2095 Magna
981 1993 1118 2086 clades,
1139 1995 1202 2070 sed
1221 2023 1296 2069 non
1313 2000 1389 2070 sine

338 2109 456 2211 aliqua
466 2115 637 2210 principis
649 2111 776 2210 populi
788 2111 979 2212 dignitate,
992 2117 1228 2211 interceptam
1238 2130 1388 2212 tempos

337 2240 410 2297 tate
428 2229 634 2317 victoriam,
655 2241 690 2297 et
712 2225 937 2326 triumphum
959 2232 1106 2326 periisse
1126 2227 1323 2328 naufragio.
1344 2230 1389 2300 Et

337 2356 474 2429 tamen,
499 2367 611 2440 quum
632 2345 773 2413 Punicae
797 2341 927 2440 praedae
950 2343 1115 2418 omnibus
1135 2347 1389 2442 promontoriis

339 2454 530 2554 insulisque
544 2457 800 2530 frustrarentur
816 2473 852 2530 et
864 2457 1062 2548 fluitarent,
1083 2458 1239 2559 populus
1259 2462 1391 2532 Roma-

337 2595 403 2641 nus
420 2584 456 2641 et
467 2573 517 2642 sic
527 2569 772 2670 triumphavit.

338 2765 407 2818 hanc
421 2761 534 2818 iamlam
545 2765 696 2841 copitar-ent.
710 2767 792 2822 Recte
806 2771 844 2822 sic
888 2789 899 2814 ι
909 2768 1035 2842 quonism
1046 2785 1105 2822 esse
1115 2765 1228 2820 nollent.
1240 2767 1293 2835 Qui
1304 2769 1389 2834 risus,

337 2844 443 2916 lipsius
454 2859 481 2897 et
492 2845 643 2901 Salmasius.
653 2850 722 2900 Nam
733 2848 797 2900 olim
808 2849 845 2901 le·
886 2870 899 2895 s
909 2845 992 2900 classe
1004 2847 1123 2914 devicta,
1136 2847 1232 2900 multas
1244 2849 1296 2919 ipsi
1305 2845 1391 2920 lacry-

337 2924 683 3000 gebetur,ntnecamplius
696 2929 845 2982 taneinsu-
888 2944 981 2993 «mae,
1000 2946 1124 2998 magnam
1144 2925 1247 3000 populo
1268 2927 1390 2980 Romano

339 3003 394 3057 lam
408 3005 575 3060 concitarent.
888 3027 899 3054 s
911 3005 1015 3059 cladem
1027 3005 1123 3060 attulit.
1135 3029 1146 3056 ι

376 3085 418 3138 28.
432 3084 479 3137 stt:
495 3102 598 3158 quoque
613 3103 711 3159 mapna
724 3085 842 3160 preda...
921 3085 964 3140 30.
977 3089 1017 3140 Μ.
1030 3089 1110 3142 Fabio
1123 3088 1249 3141 Buteone.
1263 3085 1342 3138 Anno
1353 3087 1390 3139 is-

339 3166 477 3218 emtione
485 3167 597 3238 cepisset.
610 3167 707 3220 Sensus
717 3169 843 3232 est‚eatis
884 3168 937 3220 tlus
957 3166 1022 3220 belli
1041 3169 1168 3240 vigesimo
1191 3169 1286 3238 primo.
1311 3165 1391 3219 Unde

338 3245 530 3317 magnuproede
537 3247 640 3314 fuisset,
649 3245 727 3299 sihos
736 3261 843 3300 centum
884 3262 959 3322 patet
969 3249 1055 3302 multa
1065 3249 1173 3301 Florum
1183 3248 1324 3319 preterire.
1338 3249 1391 3299 Po-

338 3324 496 3396 elephsntos
507 3327 535 3378 in
545 3327 701 3392 venatione,
712 3326 759 3379 nbi
770 3345 843 3379 com·
883 3329 970 3403 lybius
978 3343 1067 3382 autern
1075 3332 1121 3400 qui
1129 3346 1221 3380 ornnes
1231 3345 1336 3400 pugnas
1344 3345 1391 3380 na·

338 3400 429 3474 plnres
439 3419 507 3474 sepe
516 3405 667 3475 capiuntur,
676 3423 731 3458 non
741 3407 768 3458 in
777 3425 844 3478 pree·
883 3409 968 3476 vales,
979 3423 1006 3462 et
1014 3410 1151 3479 naufragis
1162 3407 1286 3460 classium
1293 3407 1391 3460 Roma·

338 3479 376 3534 lio
389 3483 510 3554 cepisset.
883 3508 979 3542 narum
985 3488 1113 3542 adcurate
1120 3487 1332 3555 recenset,hanc
1339 3489 1390 3540 vic·

377 3577 419 3632 ²9·
436 3560 525 3632 Appio
540 3560 650 3614 etauio
665 3564 779 3616 consule.
797 3565 845 3619 Se-
884 3571 980 3622 toriam
999 3581 1025 3622 et
1044 3569 1215 3641 nuntragium
1233 3569 1324 3622 classis
1342 3586 1388 3620 ec-

341 3641 434 3712 quenti
442 3643 725 3713 annopostvictoriam
733 3644 842 3698 Metelli.
883 3668 943 3702 rum
951 3647 1387 3721 praeterit,sicutcaeterihistoriei.

340 3721 406 3774 Aliis
424 3735 513 3774 autem
529 3721 701 3794 scriptoribus
717 3723 843 3778 Claudius
920 3729 962 3780 31.
981 3728 1107 3780 Omnium
1121 3729 1191 3800 ripas
1202 3727 1329 3802 pentium.
1346 3726 1389 3779 Sic

338 3801 384 3855 hic
406 3801 504 3856 dieitur
524 3801 644 3856 Publius.
665 3833 701 3844 —
720 3802 844 3876 Auspicia
884 3807 999 3860 Gravius
1016 3821 1120 3860 textum
1138 3807 1251 3858 restituit
1266 3822 1315 3877 pro
1332 3823 1389 3856 om-

339 3895 517 3938 contemserat.
534 3885 588 3936 Cic.
606 3883 641 3937 dc
653 3885 757 3936 Natura
770 3887 843 3937 Deo·
883 3889 960 3938 nium
971 3887 1082 3958 imperia
1090 3886 1209 3960 pennum
1216 3923 1225 3952 ‚
1238 3883 1313 3958 quod
1323 3883 1390 3936 tole-

340 3980 415 4032 rum,
427 3965 465 4016 ll:
485 3965 533 4016 sP.
547 3963 673 4017 Claudius
682 3983 739 4037 ,per
750 3966 843 4034 jocum
885 3969 938 4018 rari
950 3985 1006 4019 non
1017 3979 1115 4038 potest.

342 4063 354 4086 s
364 4041 428 4096 deos
444 4043 570 4110 irridens,
585 4063 667 4117 quum
680 4061 761 4096 cavea
774 4041 842 4096 libe·
920 4044 1292 4116 32.Interceptcm...pen's'sse.
1302 4043 1332 4095 ld
1340 4055 1388 4108 est,

342 4125 413 4174 «rati
423 4123 490 4194 pulli
502 4143 557 4178 non
567 4139 749 4196 pascerentur,
759 4126 843 4195 mergi
884 4143 966 4195 quum
982 4127 1131 4196 intercepta
1147 4125 1257 4177 victorie
1272 4123 1386 4195 perierit.

342 4223 353 4248 ι
364 4219 410 4254 eos
423 4204 451 4254 in
465 4221 560 4274 aquam
571 4206 666 4273 jussit,
678 4219 708 4258 ut
721 4204 841 4258 biberent
881 4233 918 4246 -··
930 4203 1118 4258 Promontoriis
1129 4204 1268 4283 insulisque
1274 4202 1386 4274 snutra-
