3156 4950
468 525 470 531 ,
541 437 682 501 arnna
703 437 924 503 ruamus.
1191 442 1252 528 257

213 587 299 634 nus:
329 579 386 652 ut,
411 576 522 661 quum
548 586 672 660 regum
697 564 914 659 urgentium
941 560 1074 634 arbiter
1100 561 1253 660 populus
1288 603 1303 656 7

215 681 329 776 ipsum
349 703 385 748 se
401 702 525 776 regere
542 703 614 748 non
629 693 765 775 posset,
790 680 912 748 victrix
927 681 1016 748 Asiae
1031 679 1254 778 Europaeque

214 818 235 863 a
249 791 405 864 Corfinio
420 795 534 863 Roma
545 791 754 889 petereturl

261 911 419 978 Primum
439 905 507 978 fuit
527 903 612 977 belli
633 910 670 978 in
690 903 829 978 Albano
849 922 971 978 monte
992 906 1194 998 consilium,
1216 922 1255 980 ut
1290 906 1331 972 il

212 1021 302 1094 festo
317 1021 374 1094 die
387 1021 594 1092 Latinarum
604 1018 716 1092 Julius
728 1021 845 1091 Caesar
856 1035 891 1091 et
904 1021 1057 1092 Marcius
1071 1019 1255 1119 Philippus

212 1135 388 1225 consules,
402 1139 494 1207 inter
505 1160 604 1207 sacra
616 1151 652 1207 et
665 1160 760 1223 aras,
772 1131 1050 1205 immolarentur.
1064 1137 1255 1234 Postquam
1289 1167 1307 1219 9

212 1251 250 1323 id
263 1251 360 1324 nefas
373 1250 576 1348 proditione
590 1249 783 1322 discussum
795 1265 863 1339 est,
882 1249 1011 1321 Asculo
1026 1248 1129 1322 furor
1142 1254 1256 1322 omnis

213 1370 346 1464 erupit,
361 1369 398 1436 in
409 1369 486 1462 ipse
502 1363 648 1462 quidem
664 1363 828 1435 ludomm
841 1361 1039 1462 frequentia
1054 1363 1256 1452 trucidatis,

212 1485 275 1580 qui
290 1495 367 1550 turn
379 1477 529 1550 aderant
543 1475 588 1549 ab
603 1475 718 1566 Urbe,
735 1475 868 1576 legatis.
882 1478 963 1549 Hoc
976 1475 1043 1548 fuit
1055 1481 1158 1576 impii
1170 1476 1257 1550 belli

212 1609 482 1668 sacramentum.
500 1591 588 1664 lnde
599 1592 820 1691 jampassim
835 1591 880 1663 ab
898 1595 996 1664 omui
1011 1607 1113 1690 parte
1129 1591 1255 1680 ltaliae,
1277 1629 1308 1667 ιο

213 1709 306 1782 duce
319 1724 355 1780 et
366 1725 510 1780 auctore
525 1705 609 1779 belli
621 1706 837 1780 discursante
849 1703 1025 1803 Popedio,
1040 1703 1178 1776 diversa
1191 1731 1258 1803 per

213 1823 367 1924 populos
388 1845 422 1896 et
441 1822 547 1898 urbes
567 1827 666 1922 signa
686 1826 857 1896 cecinere.
878 1823 953 1895 Nec
967 1821 1167 1912 Annibalis,
1190 1847 1256 1894 nec
1277 1847 1304 1882 ¹¹

213 1937 360 2040 Pyrrhi,
385 1937 453 2011 fuit
479 1953 576 2011 tanta
600 1941 761 2011 vastatio.
790 1938 882 2008 Ecce
911 1936 1144 2027 Ocriculum,
1173 1962 1257 2009 ecce

213 2054 466 2142 Grumentum,
482 2079 565 2124 ecce
580 2050 739 2142 Faesulae,
755 2077 838 2124 ecce
850 2049 1025 2141 Carseoli,
1041 2054 1168 2140 Reate,
1185 2053 1258 2122 Nu-

212 2175 319 2260 ceria,
331 2185 366 2243 et
374 2173 530 2242 Picentia
540 2167 704 2260 caedibus,
716 2167 812 2240 ferro
823 2183 858 2240 et
867 2149 947 2266 igne
959 2183 1147 2241 vastantur.
1159 2167 1257 2239 Fusae
1277 2195 1306 2232 ιι

214 2283 336 2357 Rutilii
353 2287 482 2380 copiae,
498 2281 584 2354 lusae
600 2285 794 2380 Caepionis:
812 2307 895 2353 nam
910 2285 986 2380 ipse
999 2279 1112 2353 Julius
1129 2282 1255 2372 Caesar,
1271 2317 1275 2344 ι
1329 2362 1333 2372 ‚

215 2402 370 2472 exercitu
386 2401 532 2486 amisso,
550 2421 661 2495 quum
676 2400 714 2470 in
725 2393 861 2468 Urbem
877 2413 1040 2468 cruentus
1051 2393 1256 2485 referretur,

213 2509 712 2630 miserabili'firneremediam
724 2515 829 2588 etiarn
841 2511 977 2586 Urbem
988 2510 1254 2612 perviamfecit.
1274 2549 1277 2556 ·

213 2722 338 2781 queniam
352 2709 517 2776 induximus,
535 2709 607 2764 hunc
621 2711 710 2764 locum
751 2711 822 2765 Num
835 2711 887 2782 ipse
899 2711 1012 2765 Rutilius
1025 2727 1075 2764 cos.
1090 2708 1181 2776 idest,
1193 2727 1256 2763 cou-

213 2791 251 2841 sio
268 2788 421 2859 refingendo
440 2788 575 2841 concludit
595 2813 601 2842 :
626 2791 711 2862 Pope·
749 2789 798 2844 aui.
810 2793 848 2842 Ex
858 2791 973 2844 Rutilius
986 2789 1078 2844 serihoe
1088 2790 1203 2860 imperiti
1214 2790 1255 2843 ie·

212 2867 272 2920 dius
290 2869 389 2922 Marsos
405 2881 430 2920 et
447 2868 567 2930 Iatinon
585 2869 712 2939 Afrauiru
750 2883 844 2923 cerunt
864 2871 965 2931 Iulium
985 2889 1016 2922 ex
1034 2883 1100 2921 nota
1120 2887 1171 2922 cos.
1190 2887 1255 2941 pro-

218 2945 324 2998 Umbros
330 2965 341 3007 ‚-
361 2957 425 2999 totos
441 2946 580 3018 AEquatius
601 2947 710 3008 Tuscos,¹
751 2948 882 3002 duxerunt
898 2951 988 3002 Coesar.
1000 2951 1089 3001 Τιπε.

212 3025 353 3078 Samnium
386 3026 580 3097 Lucaniamque
613 3023 710 3078 Telesi-
786 3045 811 3097 9.
830 3029 976 3081 Discrusum
991 3037 1034 3080 est.
1051 3029 1191 3080 Detectum
1206 3039 1253 3080 est.

214 3121 275 3170 nau,
290 3116 342 3154 eac.
751 3105 900 3158 -Areulu
912 3108 1066 3158 Picenarum
1076 3105 1255 3158 urbe-Le·

249 3200 274 3254 7.
297 3181 332 3235 Ut
348 3199 430 3254 quum
449 3199 536 3254 mqum
539 3219 585 3234 .....
605 3182 710 3250 victrix,
748 3183 824 3258 palis.
847 3185 895 3236 llic
916 3182 1019 3236 videtur
1039 3184 1134 3236 Florus
1158 3182 1255 3255 loqutus

213 3275 263 3315 etc.
276 3261 314 3313 Ex
326 3261 398 3314 libris
411 3259 568 3333 legendum,
579 3277 661 3332 quum
673 3279 711 3312 re·
751 3260 913 3334 appellasse,
922 3265 968 3334 qui
975 3261 1197 3335 propraetoribus,
1208 3275 1254 3315 aut

212 3359 304 3412 qum...
320 3352 350 3393 ut
363 3341 469 3406 uictum,
491 3353 542 3392 etc.
562 3354 589 3392 at
603 3341 718 3394 minime.
750 3339 904 3395 consulibus
917 3355 999 3394 erant.

214 3417 325 3472 dubium
335 3423 397 3490 quin
407 3419 434 3474 ri
445 3434 474 3474 ut
483 3421 710 3493 transponendum
790 3437 830 3472 ιο.
844 3419 1052 3492 Sipuaceciuem.
1067 3415 1098 3472 ld
1110 3419 1254 3488 est,tubae,

214 3499 248 3550 sit
260 3498 335 3549 initio
345 3497 423 3570 hujus
433 3499 498 3564 loci,
510 3501 712 3572 uttransposui·
751 3517 862 3551 cornua.
878 3499 921 3554 Sic
937 3517 1004 3572 saepe
1018 3499 1153 3570 Virgilius,
1171 3499 1254 3574 Siqrra

213 3595 280 3630 mus.
293 3609 329 3618 —
341 3575 462 3651 Corfinio.
475 3581 549 3632 Hanc
560 3580 654 3633 urbem
668 3597 712 3632 ca·
751 3592 857 3633 canunt.

213 3670 263 3730 put
276 3659 379 3728 imperii
392 3659 567 3712 constituendi
579 3659 712 3732 elegerent
790 3679 829 3714 ιι.
845 3665 1024 3717 Grumentum.
1040 3664 1162 3715 Lucaniae
1177 3664 1254 3734 oppi-

212 3739 291 3792 Socii.
304 3737 370 3792 Vell.
383 3740 482 3790 Patere.
495 3743 531 3805 ll,
545 3741 584 3792 13.
751 3741 824 3794 dum.
833 3771 869 3781 -
881 3741 1000 3794 Carseoli.
1013 3742 1082 3793 Urbs
1097 3743 1252 3812 AEquorum.

249 3821 275 3873 8.
288 3819 377 3872 Julius
389 3820 478 3871 auur.
497 3819 638 3871 subscribo
651 3819 711 3871 leli*
751 3851 787 3861 -
798 3821 882 3871 Reate.
900 3819 968 3870 Urbs
984 3821 1011 3870 in
1026 3819 1129 3872 Sabinis
1145 3822 1204 3872 fuit.
1218 3849 1254 3861 -

213 3899 323 3954 uictima·
344 3896 515 3950 Freinshemii
542 3900 713 3968 conjecture,
752 3898 872 3952 Nuceria.
886 3900 954 3951 Urbs
967 3897 1136 3952 Umbrorum.

213 3975 714 4052 qumpoststadiicansuram,huncJu·
791 3995 830 4028 ιι.
852 3975 985 4046 Caepionis.
1005 3976 1058 4044 Qui
1077 3991 1173 4049 praetor
1188 3993 1252 4032 erat.

215 4058 280 4110 lium
289 4054 661 4120 Cesaremredonarlibrariis‚
673 4054 714 4106 at'-
752 4083 788 4094 -·-
806 4053 895 4106 Julius
914 4055 1003 4108 Cesar.
1027 4055 1095 4128 lege
1113 4055 1157 4109 bic
1176 4061 1253 4110 etiam

214 4137 299 4192 ferens
307 4137 384 4192 nobis
393 4137 532 4192 lectionem
539 4135 710 4191 verissimam:
753 4131 867 4188 Rutilius
877 4133 978 4200 consul,
992 4147 1022 4188 ut
1036 4155 1126 4208 supra.
1136 4165 1171 4177 -
1180 4138 1256 4192 Mise-

1099 4244 1129 4299 ¹7
