3102 4942
321 532 339 571 ι
565 453 570 468 i
719 507 778 568 DE
802 506 961 572 FLORO

321 673 334 702 ιι
346 667 431 730 spem
444 627 610 719 omnium,
629 656 764 704 senectus
783 645 925 730 imperii,
944 646 1030 730 quasi
1050 644 1169 706 reddita
1184 647 1361 729 juventute,

321 771 335 798 a
344 743 508 805 revirescit.
519 769 533 800 n
547 741 613 802 Viri
634 739 747 804 emditi
767 741 913 828 quidam,
937 761 1052 824 eospse
1071 743 1152 803 inter
1170 744 1197 804 J.
1219 745 1362 820 Camers,

318 842 439 903 malunt
456 842 543 900 mouit
555 860 614 922 pro
629 851 729 900 movet.
748 839 811 899 Nec
825 837 963 900 diffiteor
980 841 1023 900 sic
1043 859 1105 900 esse
1122 840 1156 900 in
1176 841 1362 924 quibusdam

318 942 399 1002 MSS.
414 941 470 1001 Sed
484 953 601 1001 rectum
613 959 675 999 esse
687 950 794 1014 movet,
808 938 957 1016 ostendit,
969 953 1038 1004 tum
1052 939 1136 1020 quod
1149 940 1317 1016 antecedit,
1332 943 1363 1002 in

317 1035 454 1104 secutum
464 1048 606 1109 omnum,
617 1049 685 1100 tum
698 1033 784 1115 quod
795 1035 943 1117 sequitur,
958 1038 1106 1100 revirescit.
1118 1037 1190 1114 Sed,
1201 1037 1362 1119 inquiunt,

318 1133 426 1195 Florus
438 1133 476 1194 ab
490 1134 627 1214 Augusto
641 1152 706 1192 esse
720 1130 760 1192 ad
777 1153 832 1193 sua
847 1147 988 1214 tempora
1005 1134 1049 1193 ait
1065 1154 1164 1194 annos
1182 1155 1280 1218 prope
1296 1155 1361 1196 aoo.

318 1230 363 1291 ab
382 1231 510 1312 Augusti
528 1241 630 1296 autam
648 1228 841 1316 principatu,
858 1249 956 1312 usque
977 1228 1016 1294 ad
1034 1229 1157 1314 Traiani
1179 1233 1362 1316 imperium,

318 1344 389 1390 sunt
409 1332 484 1390 anni
504 1341 628 1390 tantum
654 1325 725 1402 rad,
744 1327 823 1403 sive,
842 1327 867 1388 si
886 1341 973 1410 putes
995 1328 1034 1389 ad
1053 1349 1206 1390 excessum
1221 1330 1362 1412 Trajani,

317 1430 392 1489 anni
409 1441 500 1488 erunt
519 1424 584 1502 143.
605 1424 663 1486 Sed
678 1423 884 1505 jamdudum
904 1425 981 1486 mihi
999 1425 1065 1488 haec
1083 1427 1239 1489 meditata.
1248 1431 1362 1490 Verum

315 1526 481 1608 legendum
497 1539 574 1608 puto
592 1523 673 1608 apud
691 1522 836 1600 Florum,
856 1524 930 1584 anni
951 1527 1014 1586 ι5ο.
1032 1526 1112 1586 Nam
1128 1527 1266 1608 quisquis
1282 1527 1363 1588 MSS.

317 1624 400 1686 Flori
412 1625 510 1686 Codd.
522 1625 668 1699 versavit,
681 1625 736 1684 scit
752 1637 946 1712 quantopere
960 1625 995 1684 in
1007 1626 1097 1686 annis
1109 1628 1206 1688 variet
1218 1626 1364 1715 prologus

317 1724 381 1784 iste.
394 1725 456 1784 Neo
470 1736 575 1784 tamen
587 1721 682 1782 solius
698 1719 824 1803 Trajani
838 1743 903 1783 aevo
920 1723 1056 1784 arbitror
1069 1724 1194 1800 vixlsse,
1208 1725 1364 1786 sedetiam

317 1821 478 1883 Hadriani.
489 1821 678 1890 Planseuim
688 1819 913 1898 idemtidetun
923 1819 1010 1905 cujus
1021 1819 1112 1888 hosce
1123 1824 1158 1882 in
1169 1821 1364 1883 Hadrianum

318 1919 496 1996 versiculos,
507 1921 579 1980 etin
589 1941 682 2002 quem
693 1940 798 1980 versus
810 1918 962 1980 Hadriani
971 1919 1150 2002 Spartianus
1160 1919 1268 1994 refert,
1276 1940 1300 1978 c.
1315 1921 1362 1979 16:

358 2015 458 2076 lulius
470 2016 580 2076 Florus
593 2015 744 2076 scribebat
756 2013 795 2074 ad
809 2015 1018 2090 Hadrianum3

565 2157 620 2224 Ego
633 2153 697 2205 nolo
709 2154 795 2206 Cesset·
806 2169 877 2216 esse,

565 2241 708 2295 Ambulare
720 2260 769 2313 per
781 2239 933 2310 Britannos,

565 2331 700 2406 Scythicas
711 2333 767 2404 pati
780 2333 897 2404 pntintt·

321 2471 489 2553 liespondit
504 2471 598 2532 Floro
612 2471 808 2545 Hadrianus,

584 2611 641 2682 Ego
653 2609 717 2666 nolo
730 2608 823 2666 Florus
835 2627 906 2674 este,

583 2697 725 2751 ambulare
737 2717 786 2772 per
798 2697 936 2762 tabernas,
1024 2727 1026 2731 ,

585 2789 897 2861 mutareperpepisan
942 2831 947 2842 .

583 2877 687 2934 Culicss
697 2879 755 2949 peti
765 2878 903 2936 rotundos.

319 3001 481 3095 Quemipue
503 3017 651 3076 Annonm
674 3013 792 3076 llorum
810 3013 967 3076 Charisius
985 3027 1096 3088 vocat,
1117 3023 1148 3074 et
1166 3033 1201 3078 α
1220 3011 1307 3095 cujus
1327 3011 1368 3072 ad

320 3107 427 3171 dirum
445 3109 641 3172 Hadrianum
659 3111 788 3194 epistola
809 3113 934 3192 gemino
954 3109 988 3170 in
1005 3107 1075 3170 loco
1094 3109 1169 3170 citat
1185 3107 1238 3167 illa
1254 3105 1366 3193 verha,

318 3210 458 3284 poematis
470 3207 599 3269 delector.
614 3209 693 3268 Sane
705 3207 790 3289 quod
803 3209 956 3289 poematis
970 3205 1113 3266 delectari
1130 3225 1161 3264 se
1174 3205 1233 3278 ait,
1250 3201 1283 3263 id
1300 3217 1366 3263 non

321 3300 469 3363 abhorret
487 3303 526 3362 ab
546 3303 639 3382 hujus
659 3301 839 3390 compendii
857 3303 1022 3384 scriptore,
1041 3299 1167 3383 quando
1188 3299 1284 3382 stylus
1302 3296 1367 3379 ejus

321 3411 367 3458 est
388 3399 422 3458 in
444 3397 575 3459 historia
594 3397 847 3473 declamatorius,
872 3419 907 3458 ac
928 3397 1050 3480 poetico
1071 3397 1214 3480 propior,
1234 3395 1311 3456 adeo
1332 3407 1368 3454 ut

319 3497 415 3557 etiarn
427 3477 622 3562 hemistichia
636 3497 759 3582 Virgilii
778 3495 959 3584 profundet.
980 3496 1020 3561 Et
1034 3507 1140 3563 tamen
1158 3515 1194 3555 ea
1207 3495 1367 3577 potissima

321 3611 366 3654 est
375 3592 460 3654 Flori
471 3597 571 3654 nostri
582 3595 665 3670 laus,
678 3595 762 3677 quod
775 3596 905 3678 scriptor
917 3608 962 3656 est
974 3593 1096 3676 elegans
1112 3607 1142 3654 et
1160 3593 1306 3668 disertus,
1322 3604 1366 3665 et,

321 3692 346 3750 si
360 3691 493 3773 paucula
506 3691 675 3774 exceperis,
689 3711 758 3774 quse
776 3689 919 3773 frigidius
935 3691 1016 3754 dieta
1028 3689 1268 3764 videntur,.vere
1283 3687 1368 3747 ildri-

321 3787 388 3852 dus.
400 3789 457 3848 Sed
468 3787 538 3850 latae
550 3803 594 3850 est
605 3787 704 3872 culpas
713 3809 797 3863 reus,
809 3789 895 3870 quod
907 3789 941 3848 ln
951 3799 1129 3871 temporum
1141 3787 1260 3846 ratione
1271 3802 1369 3864 usque

286 3891 289 3904 '
323 3886 401 3947 adeo
418 3888 576 3969 negligens
590 3891 646 3963 sit;
665 3890 709 3950 ira
723 3901 759 3948 ut
775 3908 840 3949 non
850 3890 948 3971 possit
961 3903 1026 3948 non
1041 3889 1151 3970 soepius
1165 3883 1366 3956 hallucinari,

323 3985 377 4062 qui
392 3983 479 4046 hune
495 3985 605 4047 ducem
620 3988 707 4071 sequi
725 3984 807 4046 velit.
818 3984 917 4046 Valde
935 3998 1039 4046 antem
1052 3983 1213 4056 falluntur,
1225 3981 1280 4065 qul
1295 3993 1367 4040 eum

321 4095 433 4165 putant
448 4085 482 4145 in
498 4083 626 4147 historia
641 4107 696 4146 sua
710 4085 868 4168 epitomen
880 4085 972 4146 nohis
984 4084 1063 4146 Livii
1078 4081 1151 4142 dare
1162 4079 1310 4141 voluisse:
1326 4077 1367 4137 si·

321 4181 448 4260 quidm
466 4181 573 4244 crebro
593 4203 611 4240 a
629 4182 716 4242 Livio
734 4180 855 4242 recedit.
874 4181 935 4242 Nec
954 4179 1043 4241 fenile
1062 4177 1210 4254 dixerint,
1225 4175 1366 4250 idemne,
