3156 4950
314 517 375 599 ¹74
638 512 673 574 1.
698 511 859 575 suuni
885 511 1029 574 rnonr
1561 601 1562 630 Ν

309 639 489 736 proximos
502 633 653 725 bellum,
669 661 884 734 omnemque
905 634 976 706 late
998 632 1274 732 Cephalenianr,
1292 639 1359 708 Za·
1561 633 1563 728 l

308 748 484 852 eyntbon:
499 769 535 823 et
554 749 729 850 quidquid
748 750 941 836 insularum
960 755 995 821 in
1013 776 1056 822 eo
1074 754 1164 822 mari
1181 755 1273 822 inter
1289 753 1358 823 Ce-

309 871 450 940 raunios
471 884 608 940 montes
626 868 823 967 jugrnnque
843 865 1018 956 Maleum,
1034 866 1175 940 AEtolici
1193 865 1276 939 belli
1301 891 1357 937 ac·

311 987 421 1056 cessio
437 981 591 1056 fuerunt.

311 1253 1359 1278 mmmmmfflfflmmmmmmm

809 1447 859 1522 X.

550 1687 763 1758 BELLUM
789 1686 1119 1759 HISTRICUM*.

280 1925 291 1960 ι
360 1892 471 1962 Histri
482 1889 980 1991 sequunturlEtolos:qnippe
993 1890 1164 1964 bellantes
1176 1916 1236 1962 eos
1246 1914 1360 1986 nuper

278 2003 530 2103 2edjuverant.
552 2007 598 2077 Et
618 2009 718 2077 initia
738 2032 866 2104 pugnae
888 2032 1060 2105 prospera
1082 2003 1176 2078 hosti
1199 2003 1359 2091 fuerunt,

312 2120 509 2220 eademque
523 2125 764 2234 exitiicaussa.
776 2126 868 2194 Nam
877 2148 988 2221 quum
999 2125 1096 2195 Cnaei
1109 2119 1234 2192 Manlii
1246 2135 1361 2190 castra

312 2239 503 2332 cepissent,
514 2241 714 2337 opimaeque
726 2237 856 2336 praedee
867 2237 1093 2328 incubarent,
1107 2235 1305 2336 epulantes,
1318 2258 1361 2305 ac

310 2349 528 2425 ludibundos
546 2352 754 2452 plerosque,
774 2370 899 2454 utque,
917 2354 979 2427 ubi
999 2372 1113 2427 essent
1129 2379 1204 2452 prae
1223 2349 1361 2450 poculis

277 2491 295 2542 3
312 2470 524 2557 nescientes,
538 2473 674 2567 Appius
689 2467 842 2542 Pulcher
857 2469 1003 2542 invadit.
1022 2473 1078 2542 Sic
1097 2495 1179 2541 cum
1195 2471 1363 2566 sanguine

312 2599 348 2654 et
361 2585 487 2680 spiritu
498 2580 591 2654 mele
602 2599 743 2681 partam
756 2610 968 2658 revomuere
977 2589 1176 2658 victoriam.
1189 2588 1269 2682 lpse
1283 2605 1361 2668 rex,

311 2697 429 2796 Apulo
442 2723 535 2795 equo
550 2701 751 2810 impositus,
764 2725 875 2797 quum
889 2699 1040 2773 subinde
1053 2698 1200 2798 crapula
1215 2714 1250 2770 et
1267 2699 1362 2794 capi·

312 2865 507 2920 Freinshemius
518 2867 563 2920 hic
576 2886 608 2919 ex
618 2869 773 2939 conjectura
783 2866 818 2920 le·
858 2881 907 2920 ete.
919 2872 960 2922 De
968 2867 1021 2920 hoc
1032 2881 1121 2920 eutem
1131 2868 1282 2920 Histrorum
1292 2865 1362 2918 [Etc-

312 2949 363 3017 gitr
371 2947 462 3018 serpsit
471 2959 558 2998 tamen
567 2943 679 2998 latisssin
686 2946 818 3015 proximos
857 2947 889 2999 lis
901 2946 999 2998 auxilio
1011 2958 1101 2998 tacent
1114 2947 1201 2997 ceteri
1211 2943 1339 2996 historici.

312 3024 425 3077 bellum:
438 3025 571 3099 omnisque
581 3024 633 3076 late
645 3021 817 3094 Cephalania,
895 3045 918 3080 2.
945 3027 1016 3081 cnei
1036 3027 1143 3078 Manlii.
1166 3029 1243 3079 Hunc
1265 3024 1362 3076 Aulum

313 3104 476 3175 Zacynthos,
494 3115 521 3154 et
538 3104 679 3177 quidquid,
699 3117 750 3154 etc·
767 3102 819 3153 Mi·
858 3107 988 3160 Manlium
1008 3105 1138 3178 appellari
1155 3125 1171 3157 11
1188 3107 1262 3157 Livio
1279 3103 1363 3156 eduo-

313 3184 384 3235 nime
394 3182 504 3234 dubium
514 3183 579 3255 quin
589 3182 683 3234 melius
695 3185 731 3233 sie
742 3182 818 3234 locus
858 3188 922 3238 tavit
937 3188 1057 3238 vinetus.
1077 3214 1113 3224 -
1131 3183 1233 3256 Appius
1250 3178 1364 3233 Pulcher

314 3261 461 3314 cohercet:
482 3262 518 3313 nil
538 3262 695 3314 mutandum
713 3275 818 3328 tamen,
859 3265 968 3317 invadit.
986 3265 1024 3316 Ex
1043 3263 1140 3315 tubulis
1156 3275 1243 3312 tamen
1260 3272 1363 3310 certum

314 3359 396 3410 quum
405 3341 534 3393 librorum
544 3341 613 3393 desit
622 3344 774 3393 auctoritas.
783 3371 819 3380 -
859 3356 912 3410 est,
923 3357 983 3395 ante
995 3343 1075 3414 Appii
1087 3339 1192 3393 Pulchri
1204 3337 1362 3400 adventurn,

314 3420 509 3489 &phaleuiam
526 3421 642 3472 insulam
654 3423 682 3471 in
695 3423 762 3473 mari
774 3423 818 3471 lo·
858 3423 994 3474 Romanos
1006 3419 1100 3474 eudem
1114 3417 1197 3484 duce,
1210 3433 1264 3487 quo
1276 3429 1363 3466 castra

313 3500 372 3562 nio,
382 3501 511 3568 eregione
519 3500 677 3570 Peloponesi
687 3498 720 3550 ud
728 3500 819 3552 Orien·
859 3503 1018 3566 amiserant,
1031 3520 1062 3553 en
1073 3515 1363 3569 recuperasse,nempe

313 3590 375 3628 tem.
388 3605 424 3614 -
436 3575 600 3645 Zacynthon.
615 3577 732 3630 insulem
747 3579 819 3629 infru
858 3580 958 3631 Manlio
966 3581 1093 3633 Vulsone.
1104 3579 1174 3646 Ergo
1186 3573 1259 3646 quod
1269 3573 1307 3626 illi
1317 3573 1363 3624 de·

313 3653 517 3726 Cephaloniam·
859 3655 1297 3732 betur,perperan1Nosterdppio
1308 3651 1364 3703 Pul·

349 3735 431 3788 'Cen
446 3737 479 3788 X.
495 3734 600 3788 Bssnuuu
615 3735 770 3786 Hrsrrucuu.
785 3738 817 3787 A.
860 3738 925 3790 chro
940 3739 1048 3805 tribuit,
1064 3739 1110 3811 qui
1124 3737 1247 3807 sequenti
1260 3745 1363 3784 tantum

314 3817 346 3866 U.
362 3815 430 3886 576,
445 3828 506 3868 ante
520 3815 549 3867 C.
565 3816 599 3865 N.
614 3815 680 3882 178;
697 3832 766 3866 coss.
780 3815 816 3866 Μ.
859 3820 1074 3871 annoinlstriam
1083 3817 1362 3890 profectus,eam,tru·

313 3895 395 3948 lunio
403 3899 497 3963 Bruto,
507 3898 538 3947 A.
548 3894 649 3947 Manlio
657 3893 785 3947 Vulsone.
859 3897 948 3948 cidnto
958 3917 1033 3969 rege,
1043 3899 1071 3949 in
1079 3897 1243 3968 provinciam
1251 3889 1362 3960 redegit.

355 3993 376 4028 1.
391 3977 480 4032 Histri.
494 3976 574 4030 italice
584 3976 694 4050 populi,
705 3977 739 4029 ad
749 3997 819 4029 sum·
896 3978 920 4028 3.
935 3976 1050 4048 crapula
1060 3988 1086 4028 et
1096 3975 1189 4048 capitis
1202 3990 1291 4024 errore.
1303 3973 1364 4022 Non

315 4075 388 4106 mum
400 4057 563 4110 Adriaticum
576 4061 661 4110 sinum
674 4075 754 4128 supra
768 4058 820 4110 Ve-
859 4056 936 4108 video
947 4054 1012 4127 quid
1022 4055 1066 4106 hic
1076 4053 1258 4107 doctissimum
1269 4049 1365 4102 Salina·

317 4135 424 4186 uetiam.
442 4137 482 4186 De
500 4135 551 4188 bae
567 4155 632 4188 voce
650 4135 711 4187 libri
727 4137 819 4207 scripti
860 4139 927 4187 sium
948 4132 1108 4195 offenderit,
1128 4134 1173 4204 qui
1190 4145 1265 4183 tanto
1285 4146 1364 4200 opere

318 4227 343 4266 et
362 4214 442 4280 editi,
457 4217 558 4266 variant
575 4215 601 4266 iu
619 4217 693 4280 istri,
714 4217 818 4284 Hystn',
859 4215 1001 4267 lectionem
1015 4234 1110 4267 novam
1125 4227 1237 4265 conetur
1250 4209 1366 4262 intrude·
