3142 4938
532 528 677 596 LIBER
699 527 962 596 SECUNDUS.
1209 531 1269 620 ¹37

222 658 325 758 jectae
349 657 445 730 enim
473 654 599 730 ferreae
623 681 765 746 manus,
792 652 1035 755 machinaeque
1063 653 1158 747 aliae,
1190 671 1271 730 ante

226 787 405 845 certamen
428 769 582 844 multum
598 768 644 844 ab
667 766 769 844 hoste
790 768 931 858 derisae3
952 771 1136 870 coactique
1153 768 1271 844 hostes

225 890 324 986 quasi
335 889 373 959 in
388 883 502 958 solido
520 885 724 958 decernere.
743 887 871 956 Victor
886 908 971 983 ergo
990 882 1088 983 apud
1104 885 1271 982 Liparas,

224 1026 340 1074 mersa
355 1015 391 1074 et
403 999 525 1099 fugata
539 998 694 1074 hostium
709 996 836 1090 classe,
852 1001 1010 1096 primum
1022 996 1123 1070 illum
1136 1002 1272 1072 mariti-

224 1141 324 1188 mum
332 1118 403 1214 egit
412 1113 645 1214 triumphum.
657 1113 766 1215 Cujus
776 1109 1053 1214 quodgaudium
1067 1111 1148 1185 fuit!
1161 1139 1271 1213 quum
1290 1139 1324 1177 ιο

225 1228 374 1302 Duillius
382 1234 591 1329 imperator,
601 1255 674 1303 non
685 1243 870 1303 contentus
879 1231 982 1300 unius
992 1225 1062 1300 diei
1071 1227 1271 1327 triumpho,

225 1351 414 1446 pervitam
430 1372 590 1438 omnem,
611 1345 711 1418 nbia
730 1370 832 1418 coena
848 1343 997 1434 rediret,
1014 1343 1208 1443 praelucere
1221 1344 1274 1418 fu·

224 1461 339 1554 nelis,
372 1467 567 1562 praecinere
598 1460 665 1535 sibi
696 1461 800 1535 tibias
829 1462 951 1562 jussit,
983 1465 1083 1564 quasi
1113 1461 1274 1562 quotidie

225 1573 474 1676 triumpharet.
487 1578 563 1650 Prae
576 1591 672 1652 tante
683 1579 833 1654 victoria
843 1574 922 1652 leve
935 1575 1039 1678 hujus
1048 1574 1273 1679 praeliidam-
1293 1601 1320 1637 ιι

225 1776 298 1834 gant.
315 1763 374 1816 Hoc
386 1781 482 1836 genere
494 1765 633 1837 pugnandi
648 1769 730 1820 mexi-
768 1745 822 1832 tier,
833 1785 891 1820 eam
900 1767 998 1820 fautum
1007 1767 1076 1819 inter
1084 1763 1183 1839 Mylas,
1190 1777 1216 1819 et
1224 1763 1273 1818 hes

225 1861 269 1896 me
276 1843 420 1898 utebantur
426 1847 536 1919 equites.
545 1849 599 1900 Lis.
605 1847 729 1915 xxxin,
767 1847 878 1903 insulas.
890 1879 927 1890 -
936 1848 1103 1900 Maritimum
1116 1849 1169 1923 epit
1180 1847 1275 1900 trium·

224 1923 280 1994 47:
308 1925 433 1978 «Infestis
456 1923 540 1980 hastis
560 1929 730 1981 concitarunt
766 1929 862 2001 plum.
882 1929 1039 1982 Memoriam
1056 1925 1137 1999 hujus
1157 1927 1273 1980 victorie

228 2027 241 2052 ι
251 2023 347 2078 equos:
360 2004 422 2058 dein
432 2003 517 2060 libero
527 2009 614 2078 spatio
624 2010 692 2062 inter
700 2027 729 2062 se
768 2009 908 2062 Duillium
919 2009 1084 2062 consecrarit
1095 2007 1213 2079 populus
1224 2007 1274 2060 lio·

228 2085 730 2160 eludifieanteqsinevulnerepugnsm
769 2107 883 2158 manns,
907 2091 995 2162 posite
1017 2088 1159 2156 columna,
1181 2089 1274 2140 rostris

229 2165 431 2221 «extrahebant.
442 2191 453 2216 ιι
472 2166 566 2236 Silius,
580 2169 644 2236 vlt,
660 2169 728 2238 644:
769 2181 909 2241 captarum
920 2170 1027 2222 nuvium
1038 2181 1147 2236 ornata,
1158 2167 1186 2218 in
1197 2168 1274 2233 soro,

229 2267 242 2292 ι
319 2248 391 2299 varie
408 2265 480 2299 nunc
496 2245 576 2300 levus
593 2249 622 2301 iu
636 2247 730 2302 orbem
770 2247 872 2321 deque
882 2247 1009 2316 Quinctil.
1023 2247 1108 2299 instit.
1123 2248 1150 2312 1,
1166 2245 1212 2308 133
1231 2242 1274 2297 Si-

229 2326 330 2378 «Nune
339 2323 431 2378 dexter
439 2324 542 2378 levibus
551 2325 618 2379 flexo
625 2347 674 2399 per
683 2328 731 2381 de·
769 2326 820 2380 lius
837 2327 1062 2393 Ital.Punic.V1,
1077 2325 1138 2393 664.
1153 2325 1201 2378 Est
1217 2343 1274 2376 onr-

168 2449 175 2460 .
230 2404 295 2456 «via
310 2403 379 2476 gyris
398 2404 559 2458 Ludiiiestus
578 2424 704 2479 equo....
716 2431 728 2454 ι
770 2413 845 2463 nium
860 2410 959 2464 Latine
975 2411 1071 2483 lingue
1087 2421 1275 2461 monumento-

225 2483 290 2537 Erat
299 2497 389 2538 eutem
397 2485 490 2538 eadem
501 2487 571 2540 ratio
579 2487 730 2559 praeliorum
770 2507 830 2542 rum
842 2490 1068 2563 antiquissimum,
1081 2507 1112 2542 ex
1122 2507 1176 2562 quo
1185 2486 1275 2541 videre

226 2565 375 2636 navalium,
395 2585 454 2640 quee
473 2568 641 2641 equestribus
656 2589 731 2624 eom·
770 2567 849 2638 licet,
865 2588 986 2642 quaenam
1004 2568 1075 2622 illius
1093 2569 1175 2622 etatis
1192 2567 1275 2620 inerit

226 2659 303 2718 parat
316 2645 410 2703 Florus
424 2649 452 2700 iu
465 2645 518 2702 fine
531 2647 611 2721 hujus
625 2651 729 2724 eapitis.
769 2647 898 2722 loquendi
906 2648 1093 2722 scribendique
1103 2649 1180 2702 ratio.
1188 2649 1277 2718 Ἐπρο-

228 2725 360 2780 Domus.
770 2729 893 2782 sitionem
916 2732 972 2801 eJ'us
991 2727 1051 2781 ride
1071 2725 1144 2798 apud
1164 2725 1276 2777 Ciscco-

261 2823 288 2875 9.
300 2807 398 2862 Ferrcoe
409 2826 516 2875 manus,
531 2823 577 2862 sut
588 2810 730 2883 Hurpuqo-
756 2810 859 2880 unium3
880 2811 926 2880 qni
947 2807 1073 2879 singulari
1093 2803 1186 2859 libello
1203 2803 1276 2857 hune

228 2901 287 2951 nes,
306 2899 337 2938 ut
353 2900 432 2939 vocat
448 2889 554 2955 livine,
569 2888 661 2954 XXX,
682 2905 730 2956 ro,
771 2887 878 2940 titulum
894 2886 1178 2958 illustrarit‚qnumvis
1193 2884 1278 2936 etalii

232 2959 278 3023 133
291 2975 317 3015 et
327 2964 413 3017 Cesar
424 2963 458 3018 de
470 2965 544 3018 bello
554 2967 642 3034 Civili,
651 2969 678 3034 1,
688 2966 730 3037 57.
772 2963 869 3018 eruditi
884 2967 912 3018 iu
926 2964 973 3016 illo
987 2960 1147 3034 exponendo
1162 2958 1277 3012 desuda·

229 3069 266 3080 -
285 3041 470 3115 Neritiaeque
489 3043 558 3098 atta.
579 3047 627 3096 His
645 3045 733 3098 verbis
772 3044 835 3099 rint.
847 3045 936 3098 Gur.

229 3120 424 3174 circumscribit
436 3140 543 3189 corros,
557 3141 624 3194 qnos
638 3123 734 3194 depin-
812 3138 854 3173 ro.
874 3122 962 3176 lussit.
985 3119 1075 3174 Plures
1094 3118 1164 3173 hane
1183 3138 1278 3188 rocem

227 3202 266 3272 gie
277 3199 369 3274 Polyb.
382 3203 410 3267 l,
424 3200 468 3252 23.
482 3201 545 3278 N.⁰¹¹
559 3203 629 3254 enim
643 3202 735 3254 ferreae
766 3200 846 3274 jussit
859 3198 1074 3274 reprehendunt,
1089 3217 1170 3272 quum
1184 3217 1277 3272 super-

228 3298 321 3333 manus
340 3293 368 3334 et
387 3275 459 3334 corii
477 3280 549 3334 idem
567 3294 644 3348 sunt,
662 3280 736 3354 quod
774 3280 835 3334 bius
842 3282 875 3334 eit
882 3278 932 3333 illis
941 3278 1106 3352 temporibus
1113 3277 1276 3350 exemplum,

228 3359 271 3412 rel
277 3379 308 3413 ex
315 3359 409 3414 Curtio
416 3357 564 3432 intelligere
573 3359 734 3428 liceret,1V,
774 3360 911 3415 consulem
925 3360 975 3413 sibi
988 3360 1119 3413 honorem
1133 3359 1216 3412 ullum
1228 3359 1276 3414 de·

230 3455 260 3507 a,
276 3457 306 3492 tn
317 3463 324 3493 a
338 3465 350 3488 ι
359 3444 458 3496 Ferrere
469 3461 579 3508 marrus,
591 3443 733 3515 corvique,
773 3443 846 3495 cerni
850 3441 950 3514 jubere.
960 3441 994 3492 At
1005 3441 1119 3513 primum
1130 3437 1186 3492 hece
1197 3440 1276 3493 lectio

232 3532 281 3571 «et
297 3519 347 3572 ulia
362 3521 465 3575 mendis
482 3521 609 3590 urbibus,
625 3523 733 3594 excogi-
773 3539 788 3574 a
802 3523 931 3576 Cicerone
946 3521 1066 3574 lineatur
1080 3518 1113 3572 de
1127 3519 1277 3589 Senectute,

232 3601 732 3675 cteta.»Fuerrm.—Liparus.lusula
772 3614 854 3674 eaput
873 3602 913 3655 13.
935 3603 1086 3667 Praetereas
1102 3613 1132 3652 ut
1152 3600 1277 3654 observat

229 3695 285 3731 una
303 3677 472 3749 stupueris,
491 3699 548 3752 quse
566 3684 733 3756 frequentius
772 3681 982 3749 Freinshemius,
999 3699 1100 3734 novum
1117 3698 1173 3733 non
1191 3695 1232 3734 est
1245 3693 1277 3733 ut

229 3759 259 3810 in
273 3755 401 3828 singulari
416 3757 512 3830 Lipara
527 3760 635 3828 dicitur,
651 3762 734 3814 inter-
773 3765 819 3835 qui
828 3762 952 3835 preclare
962 3761 1026 3835 quid
1035 3773 1153 3832 gesserat
1162 3761 1277 3834 aliquem

231 3836 296 3890 dum
311 3849 400 3890 tamen
416 3855 528 3889 numero
543 3837 649 3910 plurali.
663 3841 734 3894 Fieri
772 3841 904 3906 honorem
912 3861 962 3895 suo
971 3840 1081 3894 arbitrio
1092 3839 1141 3894 sibi
1151 3852 1276 3894 sumeret.

230 3927 320 3969 tamen
338 3929 426 3988 potest
443 3917 568 3984 Florum,
588 3936 656 3970 nove
674 3921 735 3990 qui·
773 3924 831 3988 ltu,
853 3933 960 3975 auctore
978 3923 1084 3986 Dione,
1106 3918 1152 3971 lib.
1176 3918 1278 3986 xiix,

170 4045 175 4054 ‚
232 3995 537 4069 dem,dixissebipurus
548 4017 598 4069 pro
611 3997 734 4051 omnibus
778 4001 1071 4055 ·cornificiustantum
1082 3999 1277 4052 sibiobservu·

231 4076 326 4130 insulis
347 4078 534 4149 liparesorum.
559 4077 621 4130 Non
645 4091 734 4131 exacte
779 4095 906 4135 «tosase
915 4079 1012 4132 milites
1021 4080 1165 4145 tribuit,ut
1173 4081 1277 4142 Romae,

232 4176 313 4230 porro
321 4155 527 4212 definiturlocus
536 4157 616 4231 hujus
627 4177 734 4232 puguae,
780 4185 790 4208 ι
801 4162 905 4234 quotics
913 4162 977 4214 foris
985 4161 1217 4223 deindecoenaret,
1225 4157 1277 4210 ele·

231 4242 283 4294 uisi
294 4240 367 4312 qnod
379 4260 393 4294 e
404 4239 528 4314 Polybio,
539 4243 564 4308 1,
578 4241 624 4306 ²3,
638 4242 737 4312 colligi·
780 4242 902 4315 «phento
916 4243 1023 4298 domum
1035 4256 1154 4298 revectus
1166 4244 1206 4293 sit.
1219 4262 1231 4288 ι
