3108 4956
311 533 374 597 ιιι
400 489 404 500 ’
631 533 666 594 ι.
692 531 858 594 inunt
882 529 1029 596 raoni

310 655 614 752 Savo,Histroque
628 651 860 725 vallabantur.
875 651 1042 751 Populati
1056 657 1254 752 proximos,
1267 661 1361 729 intra

308 775 404 869 ripas
422 795 459 843 se
473 765 713 867 recipiebant:
732 771 769 838 in
785 765 852 839 hos
869 766 1068 840 domandos
1085 767 1233 840 Vibium
1254 775 1358 843 misit.

272 919 290 972 9
308 889 397 960 Caesi
415 903 496 960 sunt
509 891 545 957 in
560 889 716 984 utrisque
735 883 951 958 fluminibus.
967 887 1077 958 Arma
1090 889 1269 960 victorum
1287 914 1360 959 non

308 1031 350 1078 ex
364 1031 465 1078 more
479 1000 565 1076 belli
577 1017 750 1090 crematu3
766 1000 829 1073 sed
843 1016 949 1100 capta
965 1018 1061 1091 sunt,
1076 1006 1161 1074 etin
1175 1003 1359 1102 profluen-

305 1135 358 1192 tes
370 1117 468 1192 data:
480 1134 520 1189 ut
531 1120 680 1206 caeteris,
694 1118 756 1216 qui
763 1115 989 1206 resistebant,
1002 1121 1152 1190 victoria
1161 1122 1211 1190 sic
1224 1124 1359 1192 nuntia-

307 1250 414 1306 retur.

257 1389 288 1427 ιο
352 1351 525 1426 Dalmata
541 1353 753 1454 plerumque
767 1349 833 1424 sub
846 1349 940 1426 silvis
954 1369 1081 1453 agunt:
1096 1352 1180 1426 inde
1194 1353 1357 1426 inlatra-

257 1500 284 1535 ιι
305 1472 398 1541 cinia
413 1473 654 1569 promtissimi.
673 1472 750 1542 Hos
766 1469 842 1568 jam
858 1468 1006 1569 quidem
1022 1471 1196 1560 Marcius,
1217 1474 1358 1544 incensa

305 1583 395 1656 urbe
414 1582 614 1673 Delminio,
639 1587 739 1683 quasi
762 1581 1053 1656 detruncaverat:
1077 1600 1202 1682 postea
1221 1586 1357 1656 Asinius

304 1695 419 1770 Pollio
430 1696 612 1798 gregibus,
626 1702 751 1789 armis,
763 1701 856 1796 agris
867 1695 1083 1772 multaverat
1094 1695 1170 1794 (hic
1185 1698 1357 1772 secundus

306 1814 463 1910 orator);
488 1809 552 1884 sed
573 1813 749 1912 Augustus
772 1811 1039 1912 perdomandos
1061 1812 1170 1884 Vibio
1192 1812 1357 1903 mandat;

256 1969 286 2005 n
305 1931 368 2030 qui
382 1927 536 2001 efferum
547 1953 658 2026 genus
674 1925 800 2001 fodere
813 1944 926 2001 terras
940 1932 1073 2028 coegit,
1090 1953 1287 2027 aurumque
1300 1954 1357 2000 ve·

304 2047 359 2116 nis
377 2070 590 2145 repurgare,
613 2043 712 2144 quod
735 2041 894 2145 alioquin
914 2070 1000 2144 gens
1021 2048 1182 2116 omnium
1200 2043 1354 2143 cupidis·

304 2164 409 2252 sima,
426 2161 584 2234 studiosa
596 2159 777 2263 diligentia
789 2165 963 2262 anquirit,
976 2177 1015 2234 ut
1029 2157 1118 2233 illud
1131 2165 1169 2254 in
1182 2187 1263 2234 usus
1277 2187 1356 2233 suos

304 2301 445 2350 servare
461 2275 635 2350 videatur.

304 2503 373 2558 latos
392 2507 483 2560 fuisse.
502 2509 564 2560 Non
582 2511 651 2566 enim
669 2528 737 2583 opus
755 2523 812 2562 erat
852 2511 938 2563 matie
956 2505 990 2561 ad
1009 2507 1238 2580 septemtrionem.
1255 2533 1291 2546 ·-
1304 2505 1358 2559 De·

304 2585 452 2658 transgredi
468 2590 642 2658 Histrum‚ut
655 2591 690 2645 ad
707 2595 813 2646 Panno·
853 2599 1028 2642 truncaverat.
1063 2587 1169 2659 Quippe
1195 2583 1356 2636 Delminium

304 2667 364 2719 nios
374 2669 504 2735 venirent,
512 2671 614 2743 quippe
622 2691 704 2743 quum
714 2675 811 2740 Hister,
852 2667 1032 2722 Dalmatarum
1044 2681 1133 2740 caput.
1141 2663 1286 2717 -Asinitts
1295 2663 1357 2716 Pol·

305 2747 327 2797 si
348 2749 501 2820 Hispaniam
525 2765 644 2823 spectes,
666 2755 810 2807 Pannoniis
851 2745 897 2801 lio·
916 2749 970 2817 Qui
983 2746 1079 2801 consul
1097 2747 1147 2798 fuit
1164 2762 1224 2796 Μ
1237 2742 1356 2794 D⁰mffi⁰

305 2845 322 2878 a
340 2840 416 2906 tergo
436 2843 519 2898 esset,
538 2850 554 2883 a
574 2833 662 2885 fronte
681 2833 763 2886 Savus
784 2846 811 2883 et
851 2826 972 2880 Calvino.
992 2857 1026 2868 -·
1048 2826 1101 2878 Hic
1117 2823 1243 2876 secundus
1260 2831 1355 2874 orator.

304 2905 421 2969 Dravus;
436 2921 462 2960 et
476 2905 510 2960 de
522 2907 628 2961 duobus
641 2923 743 2962 tantum
755 2928 811 2962 non
851 2908 1011 2960 ACicerone
1021 2909 1077 2960 sine
1087 2905 1170 2958 dubio
1181 2903 1253 2956 ltunc
1263 2921 1356 2956 secuu-

305 2981 390 3036 tribur
410 2983 494 3038 fluviis
513 3005 661 3040 sermonem
680 3005 750 3056 esse,
768 2989 811 3042 rel
851 2986 915 3040 dum
924 2987 988 3040 dicit
998 2987 1100 3039 Florus.
1110 2987 1171 3036 Hac
1179 2983 1258 3036 verba
1269 2997 1356 3036 autem

304 3061 362 3132 ipsa
380 3060 451 3114 Flori
470 3065 637 3135 insequentia
661 3065 742 3118 rerba
762 3065 811 3118 de-
852 3067 985 3140 adecriptn
1004 3080 1076 3119 recte
1093 3061 1198 3136 judicat
1217 3062 1357 3117 freinshe-

303 3153 469 3194 monstrent:
492 3145 554 3196 Coest'
568 3155 628 3196 sunt
648 3144 676 3194 ιἰι
697 3147 811 3217 unusque
851 3149 927 3199 mins.
947 3176 983 3187 -
1004 3145 1090 3199 Vibio.
1114 3145 1196 3196 Recte
1214 3141 1258 3194 hic
1275 3141 1356 3194 habet

302 3221 463 3289 fluotinilms.
482 3251 517 3263 -
538 3223 651 3276 Vibium.
670 3225 738 3276 Mira
757 3224 810 3278 hoc
850 3244 948 3278 nomeu
964 3223 1050 3280 Vitii:
1064 3221 1116 3276 sed
1131 3223 1300 3294 pretermisit
1312 3220 1356 3273 hie

303 3303 444 3352 innomine
453 3303 574 3354 codicum
584 3307 731 3374 corruptio.
740 3305 809 3375 Lege
851 3305 945 3357 Florus
961 3303 1062 3357 bellum
1075 3301 1251 3354 Dalmaticum
1263 3317 1355 3353 unum.

305 3377 450 3430 Tiberium.
850 3385 918 3436 Nam
931 3396 993 3455 post
1009 3383 1130 3434 Asinium
1143 3378 1290 3432 Pollionem
1304 3398 1356 3431 no-

339 3473 365 3525 9.
384 3457 446 3508 Non
465 3475 496 3508 ex
514 3476 585 3511 more
606 3458 669 3511 tetta·
686 3473 808 3514 ammata.
851 3482 912 3515 vum
921 3481 983 3516 cum
993 3462 1121 3516 Dalmatis
1129 3459 1230 3514 bellum
1240 3459 1275 3512 ab
1285 3478 1355 3512 anno

303 3535 443 3605 Appianas
456 3537 484 3587 in
500 3537 616 3604 Punico,
635 3535 668 3588 de
682 3539 808 3592 Africano
851 3543 882 3592 U.
893 3543 922 3594 C.
936 3542 988 3612 734
1000 3555 1119 3614 gestum,
1130 3553 1169 3592 est
1180 3539 1214 3592 de
1225 3559 1279 3612 qno
1288 3541 1355 3590 scri·

303 3617 414 3668 minore.
429 3617 545 3684 ¹Scute,
559 3617 709 3689 machinas,
721 3635 747 3674 et
758 3639 808 3673 na·
848 3625 903 3695 psit
912 3621 981 3675 velt.
993 3623 1031 3687 ll,
1042 3622 1086 3691 96.
1101 3621 1133 3674 ld
1143 3619 1227 3672 finivit
1235 3619 1355 3672 Tiberius

306 3713 372 3749 sves
391 3695 511 3766 inutiles,
531 3697 610 3750 Marti
631 3699 809 3774 Minervaeque
849 3703 922 3754 Nero
935 3703 966 3754 Α.
982 3703 1016 3754 tt.
1031 3702 1097 3771 742,
1110 3717 1164 3752 una
1177 3719 1237 3751 cum
1252 3699 1356 3750 Panno-

305 3788 451 3844 ueneratus,
459 3777 594 3830 accinctus
602 3779 727 3830 cremavit
735 3798 809 3832 more
849 3783 927 3848 nico,
946 3780 980 3832 de
999 3799 1053 3853 quo
1069 3795 1130 3832 ante
1146 3780 1267 3852 legimus.
1283 3778 1355 3830 Gon·

305 3857 423 3925 ·pntrio.
432 3879 444 3902 r
456 3885 492 3896 -
504 3857 584 3929 Capta
594 3870 663 3910 soret.
677 3859 808 3930 Corrupta
845 3863 941 3932 juncta
960 3861 1031 3912 enim
1044 3859 1100 3913 haec
1114 3859 1169 3912 duo
1186 3857 1257 3911 bella
1271 3859 1354 3911 fuere.

301 3951 361 3985 vox.
370 3936 654 4007 Graeviuscunjieiebnt
665 3937 807 4008 legendum
848 3942 910 4010 Quo
924 3957 1012 3994 etitem
1027 3943 1101 3995 linito
1115 3941 1265 3994 Dalmatico
1282 3939 1354 3994 bello

310 4024 384 4076 ⁶⁰¹⁰:
396 4017 546 4068 Perizonius
551 4016 651 4087 fracta.
848 4041 863 4073 u
876 4019 983 4074 Tiberio
994 4024 1115 4090 Nerone,
1127 4021 1285 4094 praefectura
1295 4019 1356 4073 Dal·

341 4097 597 4150 intramnecaius
605 4097 719 4151 Marcius
728 4097 808 4170 Figu-
847 4105 931 4156 mutin
951 4103 1030 4170 vibio,
1045 4107 1170 4156 Postumo
1185 4103 1219 4156 ab
1232 4105 1355 4174 Auguste

311 4177 805 4251 us,quicumLornelioCentuloLupo
847 4181 970 4234 mundata
985 4196 1038 4248 est,
1054 4186 1130 4255 isque
1145 4183 1171 4234 in
1186 4199 1216 4236 ea
1229 4180 1285 4232 hec
1296 4200 1356 4253 que

301 4255 396 4310 sensui
403 4255 462 4308 fuit.
472 4256 655 4308 -Delminia
667 4257 736 4311 Urbs
744 4258 805 4310 Dal·
846 4261 939 4312 Florus
951 4259 995 4312 hic
1006 4274 1096 4313 narrat
1106 4263 1167 4332 egit.
