3102 4942
284 446 324 524 46
412 441 548 506 mnssx
567 439 821 504 ED1T10NUM
839 439 877 501 1..
896 439 1038 503 ANNffil
1058 439 1200 506 nom.
1328 419 1334 430 '

441 562 559 624 Exstitit
569 564 601 622 in
611 557 800 620 bibliotheca
808 560 941 620 Ernestii
951 559 1126 642 exemplum
1136 561 1220 621 Flori
1232 563 1332 626 Frein-

402 660 575 736 shemiani,
589 659 639 720 cui
653 657 804 740 adscripta
820 671 864 718 est
875 656 1000 718 collatio
1016 657 1092 719 Cod.
1106 658 1301 742 Neapolitani
1313 683 1330 720 e

401 759 479 820 Bibl.
501 759 550 818 Jo.
571 757 715 830 Vallem,
736 756 867 816 membr.
889 755 948 816 300
966 775 1138 831 annorum,
1158 757 1232 816 item
1251 757 1329 818 Cod.

401 855 670 916 Nazar.etGraev.
991 913 1003 930 .

441 951 567 1034 Pighius
578 949 619 1012 ad
631 949 732 1010 Valet.
745 951 788 1010 M.
800 951 854 1024 IV,
866 953 899 1024 8,
913 950 1017 1010 attulit
1027 952 1250 1031 Fragmentum
1263 973 1330 1034 per-

400 1051 501 1110 tinens
513 1033 618 1108 arl'lib.
630 1048 673 1122 11,
687 1068 703 1128 7
717 1061 791 1107 em.
804 1048 890 1127 quod
901 1047 1031 1128 quidam
1042 1068 1100 1130 pro
1112 1049 1249 1129 genuino
1262 1069 1331 1130 pro-

401 1149 531 1221 bavere,
542 1158 578 1204 ut
590 1145 725 1204 Wassius
737 1145 771 1202 in
785 1145 878 1224 Frag.
887 1145 964 1204 Hist.
977 1145 1108 1225 Begerus
1119 1147 1214 1206 etiam
1224 1147 1257 1206 in
1272 1159 1331 1208 tex·

402 1263 470 1308 tum
488 1245 611 1327 recepit.
627 1243 685 1302 Sed
704 1242 736 1302 id
755 1243 918 1324 indignum
934 1265 997 1304 esse
1011 1243 1105 1304 Floro
1122 1266 1157 1305 ac
1173 1246 1328 1328 spurium,

401 1347 495 1420 bene,
508 1355 543 1404 ut
554 1342 645 1402 nobis
656 1341 788 1412 videtur,
801 1342 907 1402 docuit
921 1341 1063 1403 Dukerus
1075 1341 1114 1402 ad
1126 1342 1184 1404 loc.
1197 1345 1247 1404 cit

440 1441 525 1502 Flori
535 1440 622 1500 libris
631 1440 724 1500 etiam
734 1437 810 1499 lucis
819 1461 885 1500 non
897 1439 1145 1521 parumattulem
1151 1439 1328 1523 christoph.

402 1539 459 1600 Ad.
469 1541 623 1620 Rupertus
634 1537 667 1596 in
679 1535 769 1604 Ohss.
781 1535 819 1596 ab
829 1536 958 1596 Florum
967 1537 1074 1599 Norih.
1090 1538 1181 1620 1659,
1191 1539 1264 1599 in-ss.
1274 1541 1329 1598 etsi

402 1636 560 1697 interdum
579 1634 667 1718 plus,
686 1655 782 1715 quam
802 1634 873 1694 satis
893 1649 974 1712 erat,
995 1639 1156 1719 copiosus:
1178 1635 1329 1697 Boeclerus

400 1734 574 1794 Commeat.
588 1734 622 1792 in
635 1731 691 1791 lib.
704 1731 758 1807 IV,
770 1751 963 1814 quamquam
973 1732 1100 1814 politica
1111 1735 1209 1815 magis
1221 1748 1251 1793 et
1263 1754 1330 1794 mo·

402 1831 479 1892 ralia
491 1843 642 1906 tractans,
657 1831 738 1890 inter
753 1830 890 1890 Dissertt
905 1831 997 1891 Acad.
1013 1852 1044 1913 p.
1060 1829 1126 1908 564.
1138 1833 1203 1891 Jac.
1214 1831 1331 1892 Tollius

404 1932 438 1990 in
451 1932 475 1991 F
477 1929 613 2007 ortuitis,
630 1926 812 2011 prolusurus
828 1947 919 1988 novoe
934 1929 1081 1990 editioni:
1095 1931 1145 1990 Jo.
1157 1928 1341 1990 Schefferus·

402 2029 436 2086 in
459 2016 621 2102 Ᾰνικδότοις,
645 2024 718 2086 Obs.
739 2026 824 2085 Misc.
846 2025 978 2086 Dorvill.
991 2026 1051 2087 vol.
1070 2028 1128 2102 lx,
1145 2049 1176 2108 p.
1194 2027 1262 2108 317.
1279 2027 1328 2085 Fr.

401 2123 480 2186 Lud.
496 2122 623 2184 Abmsch
634 2123 891 2212 inlAnimadvers.
905 2123 945 2186 ad
956 2121 1150 2207 AEschylum:
1167 2123 1218 2184 cui
1232 2143 1330 2204 quum

401 2219 544 2302 quaedam
556 2220 749 2303 opposuisset
757 2219 900 2280 Dukerus
911 2221 945 2280 in
958 2218 1043 2302 proef.
1057 2219 1105 2282 ed.
1117 2241 1190 2294 sec„
1202 2239 1330 2302 respon-

403 2318 449 2378 dit
464 2322 497 2378 in
509 2319 587 2378 Nov.
601 2318 773 2378 Obs.Misc.
790 2318 880 2395 tvl,
894 2340 925 2401 p.
938 2319 1008 2379 621.
1344 2317 1347 2332 '

319 2505 353 2556 N.
367 2505 399 2556 B.
411 2505 492 2573 Quod
504 2509 598 2558 attinet
610 2505 787 2558 adversiones
799 2507 872 2558 vario
884 2525 1007 2558 sermone
1020 2506 1197 2576 conscriptus,
1210 2502 1269 2556 vide
1281 2504 1331 2556 sub

285 2593 336 2642 fine
349 2591 453 2644 Indicit.
465 2593 511 2643 En.
