3102 4942
391 479 696 547 TESTIMONIA
718 477 780 546 ET
801 481 1009 545 JUDICIA.
1181 505 1216 568 ¹7

181 607 234 687 qui
245 626 263 665 a
274 603 417 666 studiosis
428 604 671 668 adolescentibus
683 604 812 686 legatur,
824 618 854 666 et
865 606 901 664 iis
917 604 1083 686 diligenter
1093 615 1123 664 et
1135 622 1219 665 accu-

179 717 241 764 rate
256 715 438 786 exponatur.

507 895 537 956 J.
562 895 599 957 Δ.
622 889 887 967 FABRICIUS,

271 1070 308 1110 ru
329 1070 570 1111 arauroruuca
592 1069 736 1122 sarius,
758 1067 830 1108 car.
852 1067 965 1122 xxiii,
984 1051 1014 1129 §-
1036 1071 1127 1112 1-111.

218 1201 252 1260 L.
269 1202 377 1261 Annaei
390 1200 474 1261 Flori
491 1201 592 1283 patria
608 1219 675 1258 uon
693 1199 764 1257 satis
780 1211 861 1257 certa
878 1209 932 1256 est.
943 1197 1115 1279 Hispanum
1131 1197 1222 1261 fuisse

180 1296 317 1358 defendit
329 1300 396 1362 Nic.
410 1299 567 1360 Antonius
577 1295 657 1356 Bibl.
670 1296 759 1378 Hisp.
771 1307 829 1355 vet.
841 1305 863 1354 t.
875 1295 890 1353 l
898 1339 907 1368 ‚
924 1316 955 1376 p.
972 1315 1026 1375 79,
1041 1314 1104 1375 quo
1118 1308 1147 1356 et
1161 1297 1223 1379 ple-

179 1395 268 1475 rique
279 1396 448 1456 inclinant:
463 1395 518 1475 qui
530 1403 561 1453 et
572 1392 652 1453 forte
666 1412 701 1452 ex
715 1392 898 1452 Senecarum
914 1404 1005 1473 gente
1020 1391 1114 1452 fuisse
1130 1395 1226 1475 suspi-

179 1495 299 1552 cantur.
310 1493 373 1554 lSed
390 1514 448 1574 pro
467 1489 586 1552 Gallica
601 1491 720 1573 origine
739 1490 899 1572 disputant
914 1488 1014 1549 multo
1024 1489 1226 1573 ¹probabilius

179 1601 321 1648 suctores
333 1591 413 1648 Hist.
425 1589 503 1649 liter.
515 1589 621 1650 Franc.
633 1601 655 1648 t.
667 1589 698 1664 1,
715 1610 745 1669 p.
765 1589 839 1664 255,
855 1589 909 1669 qui
926 1608 1017 1671 super
1032 1587 1091 1650 hac
1105 1609 1138 1648 re
1154 1603 1227 1649 suut

181 1684 327 1747 adeundi.
348 1671 391 1747 ¹In
416 1687 600 1770 quibusdam
623 1685 720 1747 Codd.
743 1688 777 1746 L.
797 1686 891 1748 Julius
908 1684 1027 1762 Florio,
1047 1689 1081 1747 in
1100 1687 1167 1748 aliis
1190 1689 1225 1746 L.

180 1783 314 1845 Annam
328 1782 450 1860 dicitur,
463 1784 502 1844 de
520 1805 583 1866 quo
602 1783 672 1844 vide
683 1785 828 1845 Vossium
844 1784 882 1844 de
899 1785 977 1844 Hist.
994 1785 1094 1845 Latin.
1112 1807 1141 1867 p.
1159 1782 1225 1860 164.

181 1879 486 1941 Hicholaterranus
494 1880 695 1964 computavit
704 1879 1027 1942 esseluliumFlorum
1035 1881 1225 1956 Secundum,

181 1977 233 2058 qni
246 1977 287 2038 oh
300 1976 512 2061 eloquentiam
522 1979 667 2040 laudatur
681 1977 922 2056 aQuinctiliano
934 1980 978 2053 X,
995 1979 1046 2054 13,
1059 1981 1112 2060 qui
1128 1992 1157 2038 et
1171 2001 1225 2062 pa·

181 2087 286 2134 truum
304 2073 368 2158 ejus
385 2076 505 2137 lulium
521 2076 649 2137 Florum
666 2087 900 2137 commemorat.
916 2074 1000 2134 Elias
1011 2075 1139 2135 Vinctus
1155 2095 1225 2135 vero

182 2171 221 2233 ad
231 2173 403 2234 Ausonium
413 2187 443 2235 et
453 2175 546 2237 Andr.
558 2172 699 2237 Schottus
709 2174 749 2234 ad
757 2172 915 2234 Aurelium
923 2173 1090 2248 Victorem,
1100 2193 1166 2232 non
1176 2171 1228 2231 dn-

180 2267 283 2328 bitant
298 2270 485 2331 breviarium
504 2270 567 2332 hoc
582 2271 719 2332 tribuere
737 2273 771 2331 11:
786 2273 903 2330 Annaeo
921 2269 1058 2342 Senecae‚
1076 2270 1227 2328 Lactantii

182 2366 380 2442 auctoritate,
396 2377 432 2427 ut
444 2367 575 2444 videtur,
588 2368 642 2449 qui
654 2367 728 2444 Vll,
745 2369 796 2443 15,
814 2366 866 2428 ubi
886 2365 969 2426 Flori
989 2366 1173 2426 sententiam
1189 2365 1227 2426 de

181 2461 322 2523 aetatibus
331 2463 441 2547 populi
449 2465 582 2525 Romani
592 2465 704 2526 referre
713 2465 843 2540 videtur,
854 2465 999 2524 Senecam
1008 2462 1115 2524 laudat
1124 2473 1228 2523 aucto·

181 2579 256 2618 rem.
273 2559 329 2620 Sed
341 2581 408 2620 non
419 2560 512 2643 plane
522 2561 617 2622 verba
632 2562 775 2622 breviarii
791 2559 933 2635 adducit,
949 2581 1050 2642 neque
1065 2559 1142 2620 adeo
1160 2579 1229 2618 sen·

181 2657 308 2717 tentiam
321 2671 473 2735 accurate3
485 2672 578 2742 atque
589 2660 672 2720 idem
681 2660 730 2720 vel
740 2659 838 2720 simile
849 2660 951 2742 potuit
963 2659 1056 2718 etiam
1065 2659 1185 2720 Senecae
1194 2657 1228 2716 in

181 2769 316 2816 mentem
327 2758 441 2818 venire.
453 2759 572 2818 Rectius
583 2760 687 2840 itaque
697 2759 825 2820 Vossius
841 2778 913 2818 cam
925 2756 1073 2817 Salmasio
1085 2755 1228 2816 eumdem

179 2871 243 2911 esse
255 2853 406 2916 existimat
416 2854 561 2931 Florum,
576 2857 630 2936 qui
645 2857 678 2917 in
692 2857 778 2939 epist.
794 2855 833 2915 ad
848 2853 1043 2914 Hadrianum
1055 2854 1130 2934 imp.
1146 2850 1229 2932 apud

181 2943 355 3008 Charisium
368 2952 427 3026 ait,
444 2971 474 3011 se
486 2953 639 3032 poematis
655 2951 815 3024 delectari,
833 2963 864 3008 et
881 2947 967 3028 cujus
985 2949 1019 3006 iu
1034 2947 1231 3006 Hadrianum

182 3041 351 3104 versiculos
371 3044 463 3104 refert
482 3047 671 3127 Spartianus.
692 3037 921 3105 ldem'Vossius
941 3042 1069 3101 Florum
1089 3053 1230 3102 nostrum

182 3139 355 3222 suspicatur
383 3149 541 3200 auctorem
564 3141 705 3215 Octavia,
730 3139 902 3222 quainter
926 3139 1042 3200 Senecae
1066 3137 1230 3220 tragoedias

181 3235 292 3298 ultima
308 3247 360 3298 est.
380 3236 483 3299 Etiam
498 3237 694 3321 pervigilium
706 3237 849 3313 Veneris,
866 3249 896 3297 et
910 3256 1015 3298 versus
1027 3235 1175 3298 trochaici
1192 3237 1229 3298 de

183 3333 330 3415 qualitate
346 3335 433 3411 ritae,
452 3336 509 3396 sub
528 3335 615 3396 Flori
630 3337 758 3397 nomine
776 3333 1043 3412 circumferuntur,
1058 3335 1097 3396 de
1114 3335 1228 3417 quibus

184 3429 302 3492 dicetur
311 3431 392 3494 libro
404 3433 457 3494 lv.
471 3433 556 3494 Alius
573 3431 672 3496 Julius
685 3434 798 3510 Florus,
816 3434 940 3496 auditor
954 3435 1056 3495 Porcii
1069 3436 1226 3510 Latronis,

183 3527 356 3590 Galliarum
367 3531 423 3591 sub
434 3533 550 3594 Tiberii
568 3533 698 3616 imperio
712 3535 745 3594 in
761 3533 939 3616 eloquentia
950 3535 1084 3614 primus,
1097 3533 1151 3613 qui
1162 3532 1228 3592 lau-

183 3624 424 3686 daturaSeneca
432 3627 1087 3708 rhetoreetQuinctiliano.AliusFlonsssub
1095 3631 1227 3703 Nerone,
1310 3701 1314 3710 ‚

184 3723 297 3806 dequo
311 3723 456 3785 Arrianus
467 3729 545 3788 Dias.
561 3729 738 3812 Epictetear.
751 3728 806 3789 lib.
818 3730 850 3804 1,
862 3749 888 3788 c.
902 3748 935 3803 a,
948 3739 1003 3786 etc.
1015 3727 1117 3787 Etiam
1129 3725 1228 3786 Florus

185 3820 309 3900 quidam
322 3820 453 3905 loquens
469 3823 625 3886 inducitur
635 3849 654 3886 a
671 3823 836 3886 Plutarcho
850 3826 989 3908 Sympos.
1000 3825 1089 3898 Vlll,
1106 3845 1118 3883 1
1135 3837 1165 3883 et
1183 3843 1226 3882 ιο.

185 3914 335 3979 Dicebant
353 3927 458 3981 ¹autem
475 3933 587 3982 veteres
595 3923 690 4006 florus
705 3945 761 4008 pro
771 3922 904 4008 florido,
919 3935 955 3981 ut
972 3921 1024 3981 alii
1044 3920 1154 3981 colorus
1168 3939 1227 4002 pro

186 4009 319 4075 catomo.
328 4016 406 4076 Vide
416 4017 502 4078 Voss.
518 4017 649 4078 devitiis
665 4021 827 4096 sermonis,
843 4039 913 4102 pag.
931 4019 981 4077 131
995 4016 1066 4077 edit.
1078 4035 1181 4090 novoe,
1199 4021 1229 4071 et
1315 4067 1328 4082 .

188 4109 290 4172 Burm.
302 4111 342 4172 ad
352 4113 498 4190 Quinctil.
512 4137 543 4197 p.
556 4115 624 4195 993.
