3142 4938
538 495 682 558 LlBER
706 493 896 556 PRIMUS.
1199 487 1239 548 85

200 620 308 692 filium
333 618 521 692 verberare
544 619 733 708 dubitavit,
749 636 787 689 nt
808 616 984 689 simulanti
1002 614 1238 711 transfugam,

199 736 294 834 apud
308 733 427 807 hostes
446 734 530 806 binc
546 735 634 807 fides
650 751 748 808 esset.
767 735 833 805 Cui
850 731 991 820 Gabiis,
1009 747 1047 803 ut
1062 729 1238 816 voluerat,
1274 745 1290 798 7

198 866 362 948 recepto,
389 865 495 950 atque
520 877 585 947 per
614 854 755 920 nuntios
780 845 995 936 consulenti,
1024 844 1142 945 «quid
1163 843 1240 914 fieri

203 963 349 1054 «vellet,
364 999 377 1031 u
398 970 588 1038 eminentia
608 964 702 1036 forte
726 989 945 1060 papaverum
967 965 1083 1056 capita
1105 956 1241 1054 virgula

199 1083 391 1170 excutiens,
409 1105 520 1177 quum
536 1104 601 1176 per
617 1077 687 1148 hoc
702 1074 964 1146 interficiendos
976 1099 1049 1144 esse
1060 1077 1239 1170 principes

197 1192 344 1292 intelligi
356 1192 477 1283 vellet,
490 1220 568 1292 quae
580 1189 765 1289 superbia!
780 1194 829 1260 sic
842 1186 1034 1286 respondit.
1047 1189 1183 1258 Tamen
1195 1186 1240 1258 de
1270 1197 1290 1254 8

196 1307 372 1380 manubiis
401 1323 588 1406 captarum
616 1303 759 1376 urbium
785 1304 961 1402 templum
989 1307 1120 1392 erexit,
1145 1301 1242 1398 quod

198 1448 309 1520 quum
323 1427 605 1519 inauguraretur,
621 1419 825 1492 cedentibus
838 1421 970 1490 caeteris
980 1417 1054 1489 deis
1069 1418 1177 1511 (mira
1189 1441 1243 1486 res

198 1538 335 1631 dictnl)
358 1541 516 1608 restitere
538 1540 703 1608 iuventas
723 1557 755 1608 et
775 1539 971 1608 Terminus.
995 1533 1131 1606 Placuit
1156 1535 1241 1603 vati·
1276 1555 1293 1607 ⁹

198 1653 266 1723 bus
286 1657 507 1723 contumacia
526 1657 725 1739 numinum,
748 1651 923 1750 siquidem
940 1651 1044 1724 firma
1065 1653 1185 1721 omnia
1198 1663 1241 1719 et

198 1785 330 1842 aeterna
341 1767 613 1867 pollicebantur.
628 1767 698 1840 Sed
709 1767 796 1840 illud
809 1767 1043 1857 horrendum,
1057 1765 1155 1866 quod
1166 1791 1241 1836 mo·

199 1905 229 1963 8;
242 1903 357 1954 Frontin.
371 1905 394 1970 l,
411 1921 433 1968 r,
445 1903 475 1970 43
491 1916 516 1954 et
527 1905 576 1969 111,
587 1903 611 1966 3,
623 1901 648 1954 3.
661 1903 701 1956 Si·
740 1901 821 1954 lectae.
830 1905 939 1976 Dionys.
948 1903 993 1967 lV,
1004 1900 1050 1971 573
1060 1899 1113 1952 Liv.
1124 1902 1149 1965 1,
1160 1898 1202 1963 53,
1211 1900 1240 1958 33

197 1983 258 2035 mile
271 1995 426 2053 strategema
434 1985 531 2055 Zopyri
541 1981 614 2054 apud
623 1983 701 2036 Justi·
740 1983 824 2034 Tacit.
836 1984 901 2034 Hist.
914 1984 965 2045 111,
976 1998 1023 2049 72,
1034 1981 1064 2044 6,
1076 1982 1153 2030 unius
1164 1979 1241 2030 Sues-

197 2079 274 2127 num,
294 2063 318 2126 l,
338 2079 381 2127 ro,
402 2062 445 2122 153
465 2060 537 2132 quod
555 2061 698 2136 Megabyso
740 2079 773 2114 sae
785 2064 908 2113 Pometiae
921 2059 1012 2130 spoliis
1022 2059 1049 2110 id
1060 2059 1160 2110 laetum
1173 2075 1240 2109 asse-

198 2140 328 2194 adscribit
339 2143 447 2194 Ctesias.
739 2157 809 2192 runt.
820 2141 857 2204 Ea
868 2153 956 2193 autem
968 2137 1054 2209 spolia
1065 2155 1147 2206 quum
1156 2139 1196 2187 vix
1207 2135 1242 2186 ad

235 2238 260 2289 7.
275 2221 321 2271 Gari
334 2219 431 2286 Gabiis,
447 2235 496 2272 etc.
507 2221 648 2273 Salmasius
660 2219 699 2270 le·
739 2219 912 2272 fundamenta
920 2213 1145 2285 suffecerint,(ut
1153 2216 1242 2266 Livius

198 2299 238 2368 git
252 2299 293 2348 cui
313 2298 413 2350 Gabios.
430 2301 465 2350 At
481 2319 512 2351 ex
529 2299 622 2350 codice
640 2300 699 2350 llic·
740 2291 1240 2370 quidemcomputat)Fl0rusautemde

198 2375 280 2427 tiano
292 2375 436 2442 offerente,
449 2377 492 2428 cui
502 2397 518 2427 a
530 2378 616 2430 Gabiis
630 2377 700 2429 Grae·
740 2392 828 2430 erecto
849 2379 946 2450 templu
963 2378 1102 2448 loquatur,
1120 2372 1241 2426 consulto

198 2457 256 2506 vius
272 2457 385 2508 restituit
405 2458 447 2508 cui
464 2477 480 2506 a
501 2457 614 2508 Gabinis.
634 2459 700 2510 Sunt
739 2456 828 2528 plures
853 2458 933 2510 urbes
956 2457 1028 2508 dixit.
1054 2455 1243 2507 Condicionem

197 2536 276 2586 etiam
287 2535 333 2604 qui
343 2547 475 2605 reponant
488 2535 580 2588 Gabios
587 2555 637 2607 pro
650 2537 700 2588 Ga·
738 2557 819 2610 porro
830 2537 952 2610 Capitolii
965 2537 1009 2588 alii
1019 2536 1164 2606 Tarquinio
1177 2535 1241 2590 Pris-

197 2613 251 2664 biis.
260 2615 292 2663 At
302 2631 330 2665 sc
340 2614 426 2666 Gabiis
434 2615 543 2687 recipere
551 2633 605 2666 non
613 2617 698 2666 minus
739 2637 771 2669 co
780 2618 900 2670 tribuunt
910 2617 1054 2670 :Eusebius
1062 2617 1141 2666 etiam
1149 2615 1245 2664 Numan

197 2706 238 2744 est
247 2693 358 2764 probum
370 2713 449 2765 quam
461 2697 561 2748 Gabios.
571 2699 594 2746 ls
606 2711 644 2747 est
655 2715 699 2748 au·
738 2697 1135 2770 Pompiliu-Inaupuraretur.
1147 2690 1248 2758 idest,

198 2787 250 2824 tem
270 2772 347 2843 hujus
366 2773 417 2825 loci
436 2775 502 2826 ordo
521 2799 526 2825 z
546 2775 600 2841 Qui
617 2796 699 2848 quum
740 2796 844 2828 sacrum
865 2796 897 2828 ex
918 2777 1031 2846 profano
1053 2773 1240 2824 lieret-Ce-

197 2866 321 2921 receptus
333 2866 401 2904 esset
412 2853 501 2904 Gabiis
512 2853 558 2924 (ut
568 2865 643 2925 pater
653 2874 700 2904 vo·
740 2857 855 2906 dentibus
866 2856 960 2905 ceteris
973 2855 1032 2906 deis.
1044 2853 1148 2920 Nempe
1161 2868 1243 2918 quum

198 2929 320 2999 luerat),
347 2945 372 2982 et
393 2933 541 2984 consuleret
568 2951 627 2983 euin
652 2953 701 3004 per
741 2937 929 3004 inauguratum
941 2931 1052 2982 luithoc
1063 2927 1191 2998 templum
1201 2929 1244 2978 Jo-

199 3009 309 3059 nuntios
328 3008 393 3078 quid
412 3009 469 3062 lieri
491 3010 580 3074 vellet,
602 3009 702 3064 illesic
742 3013 799 3076 vis,
826 3023 986 3078 exaugurata
1013 3009 1124 3060 fuerunt
1146 3006 1244 3078 templa

197 3085 339 3158 respondit
351 3109 356 3138 ι
368 3087 442 3156 virga
457 3090 599 3158 prostravit
614 3091 705 3160 capita
745 3087 856 3140 deorum
870 3087 978 3160 quesibi
992 3100 1081 3152 erant,
1097 3099 1147 3137 «ut
1159 3084 1242 3152 libera

198 3169 341 3219 eminentia
351 3184 525 3238 papaverum,
535 3165 604 3238 (quae
613 3187 704 3242 super·
744 3187 758 3220 a
780 3169 879 3220 oaeteris
901 3165 1070 3240 religionibus
1094 3183 1154 3216 area
1175 3179 1243 3216 esset

198 3246 368 3319 bia!)quum
380 3247 703 3323 perhocvelletintelligi
742 3263 799 3302 tota
821 3250 908 3312 lovis,
928 3247 1072 3318 templique
1090 3247 1145 3315 ejus
1169 3245 1242 3315 quod

198 3325 326 3394 primores
338 3325 417 3378 Urbis
428 3327 624 3380 interficiendos
634 3349 700 3383 esse.
741 3329 950 3394 inaedificaretur,
963 3352 973 3376 ι
990 3341 1020 3378 ut
1032 3325 1133 3392 Livius,
1153 3331 1177 3393 1,
1191 3325 1239 3387 55;

199 3405 235 3454 Ut
246 3417 332 3456 autem
340 3406 472 3476 superbum
483 3425 511 3458 se
520 3407 630 3478 gerebat
639 3411 701 3461 Tar·
740 3422 766 3462 et
788 3411 894 3463 Servius
914 3406 1016 3461 AEneid.
1035 3408 1084 3472 lX,
1103 3405 1163 3473 448.
1182 3409 1240 3460 Hoc

198 3481 317 3550 quinitas,
329 3483 356 3534 id
367 3497 414 3550 est,
424 3483 556 3537 crudelem
569 3499 595 3537 et
607 3488 700 3539 imma·
739 3505 841 3544 veteres
867 3489 991 3541 dicebant
1014 3486 1121 3539 liberare
1143 3486 1239 3539 locum.

197 3577 276 3622 nem,
292 3577 373 3628 quum
387 3581 476 3616 omnes
486 3565 631 3618 Gabiorum
645 3567 700 3638 pri·
738 3574 821 3624 Porro
831 3570 954 3622 fanorum
967 3568 1140 3638 exauguratio
1150 3565 1241 3618 avilius

198 3655 287 3690 mores
297 3638 408 3689 interfici
414 3640 531 3709 juberet,
543 3644 581 3696 sic
592 3662 702 3716 quoquo
740 3649 946 3708 decernebatur3
958 3658 1084 3702 cesserunt
1098 3647 1178 3717 igitur
1189 3665 1242 3699 om-

201 3729 332 3783 astutum,
345 3735 427 3788 quum
438 3716 499 3770 huie
514 3725 626 3789 nuncio,
636 3727 701 3795 quin
739 3749 786 3783 nea
797 3729 846 3796 dii,
859 3731 920 3799 qnia
929 3745 1023 3778 eorum
1031 3727 1148 3777 omnium
1157 3725 1242 3777 sacel-

200 3795 287 3848 dubiae
303 3796 365 3848 fidei
378 3795 532 3864 videbatur,
545 3801 582 3852 nil
595 3821 700 3874 respon·
739 3809 827 3861 lorum
840 3808 1061 3876 exaugurationes
1079 3805 1242 3858 admiserunt

200 3877 275 3928 deret
291 3895 371 3929 voce:
389 3879 425 3929 ita
445 3890 475 3928 nt
492 3878 585 3932 Florus
604 3886 701 3951 pariter
741 3907 809 3939 aves.
822 3887 856 3937 At
871 3887 989 3937 restitere
1000 3887 1127 3935 iuventas
1141 3884 1241 3936 Termi-

200 3955 348 4008 exclamare
370 3960 503 4029 potuerit,
524 3973 569 4011 aut
586 3977 645 4032 quic
665 3981 703 4014 su·
743 3984 860 4036 nusque,
876 3964 904 4015 id
921 3977 961 4017 est
982 3961 1055 4035 quod
1074 3980 1129 4013 non
1150 3982 1241 4015 eorum

199 4035 304 4107 perdia,
319 4049 365 4090 aut
376 4055 433 4109 quoe
445 4039 554 4090 astutia!
744 4047 869 4096 fanorum
878 4043 1109 4113 <inaugurationem
1122 4061 1182 4097 area
1195 4043 1243 4096 ad-

239 4115 263 4166 8.
286 4114 325 4165 De
338 4117 470 4170 manubiis.
490 4117 624 4169 Manubiae
644 4131 704 4170 sunt
745 4123 879 4172 miserunt.

203 4195 322 4264 pecuniae
337 4213 367 4246 ex
379 4194 472 4267 praedro
485 4195 637 4252 venditione
650 4196 705 4247 col·
779 4217 803 4266 9.
817 4199 867 4251 Sed
878 4197 946 4252 illud
959 4199 1114 4254 horrendum
1126 4197 1198 4270 quod
1207 4223 1246 4250 ...s
