3108 4956
484 557 891 643 nrnanuaurus
1090 552 1092 558 ·
1150 561 1210 626 313
1257 506 1259 514 ¹

169 686 267 786 quod
284 667 521 758 miserrimum
535 700 587 759 est
602 683 754 758 fortibus
767 685 866 774 viris,
883 682 930 755 sd
944 683 1099 758 hostium
1115 683 1213 758 arbi-

168 805 276 874 trium
286 799 570 900 sub'percussore
582 805 784 872 moriturus.
796 799 879 870 Non
893 796 1051 899 aliapost
1060 801 1213 873 Xerxem
1231 807 1246 860 ⁵

168 913 403 989 miserabilior
411 915 513 1015 fuga:
528 919 663 1015 quippe
672 914 782 987 modo
792 921 1214 1018 trecentarum'quinquu-

168 1036 263 1131 ginta
283 1035 427 1104 navium
447 1030 628 1122 dominus,
651 1056 732 1103 cum
754 1057 814 1102 sex
832 1045 1013 1128 septemve
1036 1029 1212 1131 fugiebat,

169 1137 338 1221 exstincto
352 1150 633 1246 praetoriaenavis
644 1144 794 1236 lumine,
811 1142 922 1220 anulis
938 1149 975 1216 in
988 1171 1086 1218 mare
1104 1146 1214 1246 adjec-

167 1267 226 1354 tis,
242 1289 374 1363 pavens
391 1277 496 1361 atque
514 1277 732 1360 respectans,
752 1277 924 1336 ettamen
938 1287 1011 1336 non
1028 1266 1155 1337 timens
1168 1290 1214 1336 ne

167 1381 310 1476 periret.
1179 1401 1181 1408 ·

168 1665 1214 1692 ΜΜΜΜΜΜΜΜΜΜΜῊΜΛΜΜΜἈ

655 1867 730 1944 ΙΧ.

169 2135 380 2208 BELLUM
402 2138 732 2228 PARTHICUM,
757 2139 896 2212 DUCE
919 2137 1213 2211 vantium&

215 2403 559 2494 QuamvisinCassio
570 2408 720 2479 etBruto
731 2421 848 2505 partes
859 2403 1216 2497 sustulisset,inPom·
1235 2438 1244 2473 t

169 2521 251 2617 peio
264 2533 380 2592 totum
394 2526 551 2620 partium
564 2547 695 2596 nomen
712 2521 906 2614 abolesset,
920 2522 1080 2596 nondum
1096 2541 1215 2597 tamen

168 2631 216 2706 ad
230 2637 327 2732 pacis
346 2633 574 2710 stabilitatem
591 2636 794 2737 profecerat
808 2639 935 2728 Caesar,
954 2665 1065 2739 quum
1084 2665 1215 2736 scopu-

167 2747 240 2838 lus,
261 2767 297 2822 et
315 2749 445 2840 nodus,
463 2769 499 2824 et
518 2779 620 2825 mura
640 2753 793 2851 publicae
809 2758 1003 2826 securitatis
1020 2767 1218 2851 superesset

168 2861 351 2934 Antonius.
362 2865 435 2936 Nec
448 2863 506 2938 ille
519 2864 633 2938 defuit
643 2871 745 2957 vitiis,
756 2871 842 2966 quin
852 2872 1000 2965 periret:
1012 2870 1123 2938 immo
1136 2892 1216 2938 om·
1235 2901 1249 2936 2

169 2979 228 3047 nia
238 2993 401 3074 expertus
416 2978 553 3051 ambitu
562 2996 598 3052 et
608 2979 761 3070 luxuria,
775 2986 933 3080 primum
943 2981 1077 3070 hostes,
1088 2979 1217 3053 deinde

171 3093 279 3183 cives,
289 3091 435 3167 tandem
448 3097 556 3168 etiam
564 3109 702 3167 terrore
712 3099 765 3167 sui
777 3094 942 3168 saeculum
954 3094 1128 3168 liberavit.
1139 3099 1217 3168 Par·
1234 3121 1250 3174 3

206 3314 230 3368 5.
244 3316 363 3371 lumbis.
374 3319 455 3387 Quod
467 3319 671 3385 accendebatur,
712 3337 779 3373 nucu
797 3320 935 3374 Vaurrnro.
956 3318 1056 3372 Eodem
1076 3339 1146 3372 anno
1164 3339 1217 3391 quo

170 3407 200 3448 ut
214 3401 334 3468 pretoria
348 3401 422 3453 navis
433 3399 493 3453 aliis
508 3400 672 3472 preluceret.
712 3401 859 3470 incoeptum
884 3398 984 3452 bellum
1008 3401 1139 3472 superius.
1160 3401 1218 3452 Hoc

169 3473 322 3527 -Anulis
346 3476 419 3543 Quid
438 3477 567 3548 significet
585 3477 674 3531 anulis
713 3477 812 3531 bellum
825 3477 946 3531 scribunt
957 3479 1047 3531 Livius
1062 3479 1181 3531 cxxvtt
1193 3491 1219 3530 et

171 3566 289 3626 querunt
297 3555 346 3607 viri
356 3554 436 3609 docti.
449 3560 580 3630 liupertus
590 3559 671 3610 inter·
712 3559 848 3611 cxxvffl.
859 3559 924 3610 Lete
934 3557 1003 3609 Plut.
1015 3559 1149 3623 Antonio,
1159 3575 1218 3628 cap.

169 3645 290 3705 pretatur
301 3635 443 3706 compedes
454 3640 593 3709 remigum,
605 3657 671 3708 quas
711 3637 760 3705 443
773 3639 911 3711 Appianus
924 3639 952 3690 in
962 3655 994 3690 eo
1006 3637 1091 3704 libro,
1104 3640 1148 3710 qui
1158 3639 1220 3688 Per-

170 3713 249 3783 abjici
264 3714 372 3782 jusserit
389 3717 543 3786 Pompeius,
556 3716 601 3780 ,vel
615 3735 672 3768 ms·
712 3717 799 3770 thieus
809 3719 976 3782 inscribitur,
987 3719 1110 3789 copiose;
1123 3718 1219 3770 lustin.

166 3795 232 3864 juris
249 3794 373 3864 strepitus
389 3795 490 3847 vitandi
505 3814 612 3861 causes,
630 3795 672 3848 rel
711 3795 793 3860 XLli,
808 3797 838 3863 4,
853 3814 881 3866 7;
899 3799 1009 3866 Eutrcp.
1022 3797 1083 3861 vll,
1099 3813 1127 3857 ²3
1140 3797 1218 3846 Oros.

170 3885 216 3942 ut,
236 3872 357 3929 libertate
372 3873 516 3946 remigibus
532 3873 610 3940 dats,
626 3893 672 3927 eos
712 3874 762 3940 vl,
779 3875 824 3937 16;
838 3875 921 3927 mults
934 3874 1035 3926 Gellius
1048 3875 1106 3931 XV,
1120 3872 1149 3939 43
1161 3872 1218 3925 Val.

170 3953 222 4008 sibi
231 3953 363 4007 fideliores
372 3953 503 4007 redderet.
511 3953 674 4006 AnnnFabri
713 3953 784 4006 Max.
797 3955 887 4024 v1,9;
899 3955 990 4005 Front.
1003 3955 1027 4016 l,
1043 3969 1071 4019 r,
1085 3951 1130 4014 16;
1144 3965 1170 4005 et
1179 3953 1220 4020 11,

170 4031 265 4085 anulos
281 4031 425 4103 digitorum
444 4051 460 4085 a
477 4034 604 4104 Pompeio
626 4030 675 4082 ab·
716 4049 745 4100 2,
760 4033 785 4084 5.

167 4115 254 4181 jectos
270 4123 361 4183 putat,
379 4129 413 4163 ne
430 4111 462 4165 iis
477 4122 673 4181 agnosceretur.
753 4127 776 4162 α.
788 4113 845 4166 Nec
855 4108 1085 4182 illedefiritvitiis,
1098 4112 1162 4184 quin
1172 4129 1220 4183 pe-

171 4191 247 4243 Certe
260 4189 362 4263 aliquid
375 4188 418 4242 bic
429 4188 548 4242 divinare
557 4188 673 4241 difficile.
715 4191 783 4243 riret.
797 4192 853 4244 Nee
866 4193 937 4245 stetit
949 4211 997 4263 per
1011 4193 1089 4258 vitis,
1100 4193 1164 4263 quin
1177 4189 1219 4241 ille

208 4271 294 4328 'Gna
315 4273 360 4326 tx.
381 4274 489 4326 Bettnu
507 4273 673 4337 Ptnrttrcnu,
715 4273 820 4342 periret.
