<?xml version="1.0" encoding="UTF-8"?>
<!DOCTYPE html PUBLIC "-//W3C//DTD XHTML 1.0 Transitional//EN"
    "http://www.w3.org/TR/xhtml1/DTD/xhtml1-transitional.dtd">
<html xmlns="http://www.w3.org/1999/xhtml" xml:lang="en" lang="en">
 <head>
  <title>
</title>
<meta http-equiv="Content-Type" content="text/html;charset=utf-8" />
  <meta name='ocr-system' content='tesseract 3.04.00' />
  <meta name='ocr-capabilities' content='ocr_page ocr_carea ocr_par ocr_line ocrx_word'/>
</head>
<body>
  <div class='ocr_page' id='page_1' title='image "./luciiannaeiflor00lemagoog_0031.png"; bbox 0 0 3102 4942; ppageno 0'>
   <div class='ocr_carea' id='block_1_1' title="bbox 299 435 945 586">
    <p class='ocr_par' dir='ltr' id='par_1_1' title="bbox 299 435 945 586">
     <span class='ocr_line' id='line_1_1' title="bbox 299 435 945 586; baseline 0 -30"><span class='ocrx_word' id='word_1_1' title='bbox 299 499 334 574; x_wconf 63' lang='lat' dir='ltr'><strong>td</strong></span> <span class='ocrx_word' id='word_1_2' title='bbox 694 435 755 554; x_wconf 80' lang='grc' dir='ltr'><strong>1)Ιὲ</strong></span> <span class='ocrx_word' id='word_1_3' title='bbox 780 489 945 586; x_wconf 76' lang='grc' dir='ltr'><strong>Ι·ἸιοΙΙοΙ</strong></span> 
     </span>
    </p>
   </div>
   <div class='ocr_carea' id='block_1_2' title="bbox 292 610 1390 2070">
    <p class='ocr_par' dir='ltr' id='par_1_2' title="bbox 292 610 1390 2070">
     <span class='ocr_line' id='line_1_2' title="bbox 293 610 1339 700; baseline 0 -24"><span class='ocrx_word' id='word_1_4' title='bbox 293 615 386 677; x_wconf 83' lang='lat' dir='ltr'><strong>simili</strong></span> <span class='ocrx_word' id='word_1_5' title='bbox 399 635 471 675; x_wconf 87' lang='lat' dir='ltr'><strong>usus</strong></span> <span class='ocrx_word' id='word_1_6' title='bbox 483 627 527 674; x_wconf 86' lang='lat' dir='ltr'><strong>est</strong></span> <span class='ocrx_word' id='word_1_7' title='bbox 539 613 703 694; x_wconf 68' lang='lat' dir='ltr'><strong>allegoria,</strong></span> <span class='ocrx_word' id='word_1_8' title='bbox 716 612 772 676; x_wconf 87' lang='lat' dir='ltr'><strong>lib.</strong></span> <span class='ocrx_word' id='word_1_9' title='bbox 782 613 897 674; x_wconf 84' lang='lat' dir='ltr'>XXIX:</span> <span class='ocrx_word' id='word_1_10' title='bbox 915 610 1049 674; x_wconf 75' lang='lat' dir='ltr'><strong>evidere</strong></span> <span class='ocrx_word' id='word_1_11' title='bbox 1059 633 1090 674; x_wconf 84' lang='lat' dir='ltr'><strong>ee</strong></span> <span class='ocrx_word' id='word_1_12' title='bbox 1104 627 1339 700; x_wconf 65' lang='lat' dir='ltr'><strong>consurgentem</strong></span> 
     </span>
     <span class='ocr_line' id='line_1_3' title="bbox 295 705 1341 775; baseline 0.004 -5"><span class='ocrx_word' id='word_1_13' title='bbox 295 715 352 775; x_wconf 77' lang='lat' dir='ltr'><strong>uin</strong></span> <span class='ocrx_word' id='word_1_14' title='bbox 364 711 452 775; x_wconf 89' lang='lat' dir='ltr'><strong>ltalia</strong></span> <span class='ocrx_word' id='word_1_15' title='bbox 462 711 576 772; x_wconf 90' lang='lat' dir='ltr'><strong>nubem</strong></span> <span class='ocrx_word' id='word_1_16' title='bbox 588 710 672 771; x_wconf 89' lang='lat' dir='ltr'><strong>illam</strong></span> <span class='ocrx_word' id='word_1_17' title='bbox 685 705 777 774; x_wconf 82' lang='lat' dir='ltr'><strong>trucii</strong></span> <span class='ocrx_word' id='word_1_18' title='bbox 792 725 822 772; x_wconf 86' lang='lat' dir='ltr'><strong>et</strong></span> <span class='ocrx_word' id='word_1_19' title='bbox 834 713 951 773; x_wconf 78' lang='lat' dir='ltr'><strong>cruenti</strong></span> <span class='ocrx_word' id='word_1_20' title='bbox 962 709 1049 772; x_wconf 83' lang='lat' dir='ltr'><strong>belli:</strong></span> <span class='ocrx_word' id='word_1_21' title='bbox 1063 711 1167 773; x_wconf 82' lang='lat' dir='ltr'><strong>ridere</strong></span> <span class='ocrx_word' id='word_1_22' title='bbox 1180 724 1341 774; x_wconf 85' lang='lat' dir='ltr'><strong>tonantem</strong></span> 
     </span>
     <span class='ocr_line' id='line_1_4' title="bbox 294 807 1341 896; baseline 0.005 -29"><span class='ocrx_word' id='word_1_23' title='bbox 294 837 309 867; x_wconf 87' lang='grc' dir='ltr'><strong>ιι</strong></span> <span class='ocrx_word' id='word_1_24' title='bbox 318 833 354 873; x_wconf 88' lang='lat' dir='ltr'><strong>ae</strong></span> <span class='ocrx_word' id='word_1_25' title='bbox 365 809 585 871; x_wconf 78' lang='lat' dir='ltr'><strong>fulminantem</strong></span> <span class='ocrx_word' id='word_1_26' title='bbox 602 807 642 869; x_wconf 85' lang='lat' dir='ltr'><strong>ab</strong></span> <span class='ocrx_word' id='word_1_27' title='bbox 657 829 765 870; x_wconf 88' lang='lat' dir='ltr'><strong>occasu</strong></span> <span class='ocrx_word' id='word_1_28' title='bbox 780 809 965 892; x_wconf 81' lang='lat' dir='ltr'>procellam,</span> <span class='ocrx_word' id='word_1_29' title='bbox 977 831 1073 892; x_wconf 90' lang='lat' dir='ltr'><strong>quam</strong></span> <span class='ocrx_word' id='word_1_30' title='bbox 1086 811 1119 870; x_wconf 88' lang='lat' dir='ltr'><strong>in</strong></span> <span class='ocrx_word' id='word_1_31' title='bbox 1132 829 1341 896; x_wconf 87' lang='lat' dir='ltr'><strong>quascumque</strong></span> 
     </span>
     <span class='ocr_line' id='line_1_5' title="bbox 295 905 1390 992; baseline 0.003 -26"><span class='ocrx_word' id='word_1_32' title='bbox 295 923 471 970; x_wconf 77' lang='lat' dir='ltr'><strong>utet-rarum</strong></span> <span class='ocrx_word' id='word_1_33' title='bbox 482 923 584 990; x_wconf 87' lang='lat' dir='ltr'><strong>partes</strong></span> <span class='ocrx_word' id='word_1_34' title='bbox 596 908 731 968; x_wconf 79' lang='lat' dir='ltr'><strong>victoriae</strong></span> <span class='ocrx_word' id='word_1_35' title='bbox 744 921 905 992; x_wconf 78' lang='lat' dir='ltr'><strong>tempestas</strong></span> <span class='ocrx_word' id='word_1_36' title='bbox 919 908 1077 986; x_wconf 88' lang='lat' dir='ltr'><strong>detulerit,</strong></span> <span class='ocrx_word' id='word_1_37' title='bbox 1092 905 1207 992; x_wconf 74' lang='lat' dir='ltr'><strong>magn‘o</strong></span> <span class='ocrx_word' id='word_1_38' title='bbox 1224 910 1341 971; x_wconf 86' lang='lat' dir='ltr'><strong>cruoris</strong></span> <span class='ocrx_word' id='word_1_39' title='bbox 1384 947 1390 959; x_wconf 82' lang='lat'><em>-</em></span> 
     </span>
     <span class='ocr_line' id='line_1_6' title="bbox 294 1004 1342 1089; baseline 0.004 -25"><span class='ocrx_word' id='word_1_40' title='bbox 294 1007 418 1066; x_wconf 72' lang='lat' dir='ltr'><strong>«imbre</strong></span> <span class='ocrx_word' id='word_1_41' title='bbox 426 1007 533 1066; x_wconf 90' lang='lat' dir='ltr'><strong>omnia</strong></span> <span class='ocrx_word' id='word_1_42' title='bbox 540 1004 739 1068; x_wconf 79' lang='lat' dir='ltr'><strong>fordaturam.</strong></span> <span class='ocrx_word' id='word_1_43' title='bbox 749 1032 763 1062; x_wconf 87' lang='grc' dir='ltr'><strong>ιι</strong></span> <span class='ocrx_word' id='word_1_44' title='bbox 773 1007 841 1068; x_wconf 87' lang='lat' dir='ltr'><strong>Hoc</strong></span> <span class='ocrx_word' id='word_1_45' title='bbox 849 1005 1036 1068; x_wconf 87' lang='lat' dir='ltr'><strong>esthumane</strong></span> <span class='ocrx_word' id='word_1_46' title='bbox 1044 1005 1129 1089; x_wconf 90' lang='lat' dir='ltr'><strong>loqui</strong></span> <span class='ocrx_word' id='word_1_47' title='bbox 1139 1006 1342 1082; x_wconf 85' lang='lat' dir='ltr'><strong>,etsidurius-</strong></span> 
     </span>
     <span class='ocr_line' id='line_1_7' title="bbox 292 1103 1342 1188; baseline -0.002 -22"><span class='ocrx_word' id='word_1_48' title='bbox 292 1103 396 1166; x_wconf 86' lang='lat' dir='ltr'><strong>culum</strong></span> <span class='ocrx_word' id='word_1_49' title='bbox 405 1105 574 1164; x_wconf 83' lang='lat' dir='ltr'><strong>sitvictorioe</strong></span> <span class='ocrx_word' id='word_1_50' title='bbox 583 1117 746 1184; x_wconf 75' lang='lat' dir='ltr'><strong>tempestas:</strong></span> <span class='ocrx_word' id='word_1_51' title='bbox 758 1103 837 1166; x_wconf 91' lang='lat' dir='ltr'><strong>illud</strong></span> <span class='ocrx_word' id='word_1_52' title='bbox 849 1120 895 1166; x_wconf 88' lang='lat' dir='ltr'><strong>est</strong></span> <span class='ocrx_word' id='word_1_53' title='bbox 906 1105 1003 1165; x_wconf 86' lang='lat' dir='ltr'><strong>nubes</strong></span> <span class='ocrx_word' id='word_1_54' title='bbox 1013 1118 1042 1165; x_wconf 85' lang='lat' dir='ltr'><strong>et</strong></span> <span class='ocrx_word' id='word_1_55' title='bbox 1052 1105 1302 1188; x_wconf 88' lang='lat' dir='ltr'><strong>inaniacaptare‚</strong></span> <span class='ocrx_word' id='word_1_56' title='bbox 1312 1117 1342 1164; x_wconf 85' lang='lat' dir='ltr'><strong>et</strong></span> 
     </span>
     <span class='ocr_line' id='line_1_8' title="bbox 292 1200 1341 1284; baseline -0.003 -22"><span class='ocrx_word' id='word_1_57' title='bbox 292 1222 408 1283; x_wconf 73' lang='lat' dir='ltr'><strong>magno</strong></span> <span class='ocrx_word' id='word_1_58' title='bbox 420 1213 535 1264; x_wconf 86' lang='lat' dir='ltr'><strong>conatu</strong></span> <span class='ocrx_word' id='word_1_59' title='bbox 550 1221 677 1282; x_wconf 77' lang='lat' dir='ltr'><strong>magnas</strong></span> <span class='ocrx_word' id='word_1_60' title='bbox 690 1221 788 1282; x_wconf 76' lang='lat' dir='ltr'><strong>nugas</strong></span> <span class='ocrx_word' id='word_1_61' title='bbox 798 1221 897 1283; x_wconf 72' lang='lat' dir='ltr'><strong>ogere.</strong></span> <span class='ocrx_word' id='word_1_62' title='bbox 908 1201 1016 1278; x_wconf 82' lang='lat' dir='ltr'><strong>Qualis</strong></span> <span class='ocrx_word' id='word_1_63' title='bbox 1026 1207 1206 1284; x_wconf 69' lang='lat' dir='ltr'><strong>replslupooe,</strong></span> <span class='ocrx_word' id='word_1_64' title='bbox 1219 1201 1272 1262; x_wconf 87' lang='lat' dir='ltr'><strong>lib.</strong></span> <span class='ocrx_word' id='word_1_65' title='bbox 1283 1200 1341 1276; x_wconf 87' lang='grc' dir='ltr'>ΙΙΙ,</span> 
     </span>
     <span class='ocr_line' id='line_1_9' title="bbox 294 1297 1341 1382; baseline -0.002 -22"><span class='ocrx_word' id='word_1_66' title='bbox 294 1299 326 1374; x_wconf 83' lang='grc'><strong>5,</strong></span> <span class='ocrx_word' id='word_1_67' title='bbox 339 1299 378 1359; x_wconf 88' lang='lat' dir='ltr'><strong>de</strong></span> <span class='ocrx_word' id='word_1_68' title='bbox 391 1297 537 1373; x_wconf 79' lang='lat' dir='ltr'><strong>Lucullo,</strong></span> <span class='ocrx_word' id='word_1_69' title='bbox 549 1312 604 1358; x_wconf 86' lang='lat' dir='ltr'><strong>aut</strong></span> <span class='ocrx_word' id='word_1_70' title='bbox 616 1311 650 1358; x_wconf 87' lang='lat' dir='ltr'><strong>ut</strong></span> <span class='ocrx_word' id='word_1_71' title='bbox 662 1300 714 1358; x_wconf 89' lang='lat' dir='ltr'><strong>alii</strong></span> <span class='ocrx_word' id='word_1_72' title='bbox 727 1300 853 1378; x_wconf 86' lang='lat' dir='ltr'><strong>rectius,</strong></span> <span class='ocrx_word' id='word_1_73' title='bbox 866 1297 988 1360; x_wconf 86' lang='lat' dir='ltr'>Luculli</span> <span class='ocrx_word' id='word_1_74' title='bbox 1002 1299 1116 1360; x_wconf 84' lang='lat' dir='ltr'><strong>milite:</strong></span> <span class='ocrx_word' id='word_1_75' title='bbox 1133 1323 1146 1357; x_wconf 89' lang='grc' dir='ltr'><strong>ιι</strong></span> <span class='ocrx_word' id='word_1_76' title='bbox 1156 1300 1210 1382; x_wconf 90' lang='lat' dir='ltr'><strong>qui</strong></span> <span class='ocrx_word' id='word_1_77' title='bbox 1225 1297 1341 1379; x_wconf 85' lang='lat' dir='ltr'><strong>(horri-</strong></span> 
     </span>
     <span class='ocr_line' id='line_1_10' title="bbox 295 1395 1343 1481; baseline 0.002 -28"><span class='ocrx_word' id='word_1_78' title='bbox 295 1397 382 1459; x_wconf 70' lang='lat' dir='ltr'><strong>«bile</strong></span> <span class='ocrx_word' id='word_1_79' title='bbox 403 1397 522 1475; x_wconf 88' lang='lat' dir='ltr'><strong>dictul)</strong></span> <span class='ocrx_word' id='word_1_80' title='bbox 543 1417 598 1478; x_wconf 89' lang='lat' dir='ltr'><strong>per</strong></span> <span class='ocrx_word' id='word_1_81' title='bbox 620 1397 736 1458; x_wconf 80' lang='lat' dir='ltr'><strong>medias</strong></span> <span class='ocrx_word' id='word_1_82' title='bbox 757 1395 894 1458; x_wconf 88' lang='lat' dir='ltr'><strong>hostium</strong></span> <span class='ocrx_word' id='word_1_83' title='bbox 913 1419 1006 1459; x_wconf 88' lang='lat' dir='ltr'><strong>naves</strong></span> <span class='ocrx_word' id='word_1_84' title='bbox 1028 1413 1095 1460; x_wconf 84' lang='lat' dir='ltr'><strong>utre</strong></span> <span class='ocrx_word' id='word_1_85' title='bbox 1113 1397 1343 1481; x_wconf 72' lang='lat' dir='ltr'><strong>suspensus,let</strong></span> 
     </span>
     <span class='ocr_line' id='line_1_11' title="bbox 294 1493 1343 1578; baseline 0.005 -30"><span class='ocrx_word' id='word_1_86' title='bbox 294 1519 308 1548; x_wconf 90' lang='grc' dir='ltr'><strong>ιι</strong></span> <span class='ocrx_word' id='word_1_87' title='bbox 319 1493 449 1577; x_wconf 86' lang='lat' dir='ltr'><strong>pedibus</strong></span> <span class='ocrx_word' id='word_1_88' title='bbox 466 1495 523 1552; x_wconf 83' lang='lat' dir='ltr'><strong>lter</strong></span> <span class='ocrx_word' id='word_1_89' title='bbox 537 1493 770 1573; x_wconf 74' lang='lat' dir='ltr'><strong>adgubernans,</strong></span> <span class='ocrx_word' id='word_1_90' title='bbox 784 1493 962 1555; x_wconf 85' lang='lat' dir='ltr'><strong>videntibus</strong></span> <span class='ocrx_word' id='word_1_91' title='bbox 977 1495 1100 1578; x_wconf 80' lang='lat' dir='ltr'><strong>procul,</strong></span> <span class='ocrx_word' id='word_1_92' title='bbox 1118 1495 1205 1576; x_wconf 86' lang='lat' dir='ltr'><strong>quasi</strong></span> <span class='ocrx_word' id='word_1_93' title='bbox 1220 1495 1343 1555; x_wconf 83' lang='lat' dir='ltr'><strong>marina</strong></span> 
     </span>
     <span class='ocr_line' id='line_1_12' title="bbox 293 1591 1343 1676; baseline 0.005 -30"><span class='ocrx_word' id='word_1_94' title='bbox 293 1615 308 1646; x_wconf 92' lang='grc' dir='ltr'><strong>ιι</strong></span> <span class='ocrx_word' id='word_1_95' title='bbox 318 1592 442 1674; x_wconf 79' lang='lat' dir='ltr'><strong>pistrix,</strong></span> <span class='ocrx_word' id='word_1_96' title='bbox 455 1603 598 1651; x_wconf 83' lang='lat' dir='ltr'><strong>evaserat.</strong></span> <span class='ocrx_word' id='word_1_97' title='bbox 609 1617 623 1647; x_wconf 83' lang='grc' dir='ltr'><strong>ιι</strong></span> <span class='ocrx_word' id='word_1_98' title='bbox 639 1591 729 1651; x_wconf 84' lang='lat' dir='ltr'><strong>Vides</strong></span> <span class='ocrx_word' id='word_1_99' title='bbox 743 1606 876 1674; x_wconf 89' lang='lat' dir='ltr'><strong>quantos</strong></span> <span class='ocrx_word' id='word_1_100' title='bbox 888 1593 919 1651; x_wconf 90' lang='lat' dir='ltr'><strong>in</strong></span> <span class='ocrx_word' id='word_1_101' title='bbox 933 1592 1068 1676; x_wconf 78' lang='lat' dir='ltr'><strong>simpulo</strong></span> <span class='ocrx_word' id='word_1_102' title='bbox 1082 1593 1191 1654; x_wconf 84' lang='lat' dir='ltr'><strong>fluctus</strong></span> <span class='ocrx_word' id='word_1_103' title='bbox 1203 1605 1343 1666; x_wconf 84' lang='lat' dir='ltr'><strong>moveat,</strong></span> 
     </span>
     <span class='ocr_line' id='line_1_13' title="bbox 295 1688 1344 1773; baseline 0.001 -25"><span class='ocrx_word' id='word_1_104' title='bbox 295 1702 326 1748; x_wconf 90' lang='lat' dir='ltr'><strong>et</strong></span> <span class='ocrx_word' id='word_1_105' title='bbox 337 1691 426 1770; x_wconf 87' lang='lat' dir='ltr'><strong>quasi</strong></span> <span class='ocrx_word' id='word_1_106' title='bbox 443 1707 488 1748; x_wconf 88' lang='lat' dir='ltr'><strong>res</strong></span> <span class='ocrx_word' id='word_1_107' title='bbox 502 1700 578 1748; x_wconf 84' lang='lat' dir='ltr'><strong>esset</strong></span> <span class='ocrx_word' id='word_1_108' title='bbox 590 1708 682 1771; x_wconf 85' lang='lat' dir='ltr'><strong>supra</strong></span> <span class='ocrx_word' id='word_1_109' title='bbox 696 1688 842 1750; x_wconf 75' lang='lat' dir='ltr'><strong>humanae</strong></span> <span class='ocrx_word' id='word_1_110' title='bbox 856 1692 1001 1773; x_wconf 85' lang='lat' dir='ltr'><strong>potentiae</strong></span> <span class='ocrx_word' id='word_1_111' title='bbox 1016 1689 1110 1752; x_wconf 88' lang='lat' dir='ltr'><strong>fidem</strong></span> <span class='ocrx_word' id='word_1_112' title='bbox 1124 1691 1285 1766; x_wconf 85' lang='lat' dir='ltr'><strong>terribilis,</strong></span> <span class='ocrx_word' id='word_1_113' title='bbox 1304 1702 1344 1749; x_wconf 76' lang='lat' dir='ltr'><strong>te·</strong></span> 
     </span>
     <span class='ocr_line' id='line_1_14' title="bbox 293 1787 1344 1870; baseline 0 -23"><span class='ocrx_word' id='word_1_114' title='bbox 293 1787 441 1861; x_wconf 77' lang='lat' dir='ltr'><strong>meraris,</strong></span> <span class='ocrx_word' id='word_1_115' title='bbox 453 1807 472 1846; x_wconf 87' lang='lat' dir='ltr'><strong>a</strong></span> <span class='ocrx_word' id='word_1_116' title='bbox 483 1789 607 1848; x_wconf 87' lang='lat' dir='ltr'><strong>nemine</strong></span> <span class='ocrx_word' id='word_1_117' title='bbox 618 1789 682 1848; x_wconf 82' lang='lat' dir='ltr'><strong>visa</strong></span> <span class='ocrx_word' id='word_1_118' title='bbox 694 1801 724 1849; x_wconf 87' lang='lat' dir='ltr'><strong>et</strong></span> <span class='ocrx_word' id='word_1_119' title='bbox 735 1801 869 1864; x_wconf 85' lang='lat' dir='ltr'><strong>tentata,</strong></span> <span class='ocrx_word' id='word_1_120' title='bbox 883 1789 1004 1850; x_wconf 87' lang='lat' dir='ltr'><strong>utribus</strong></span> <span class='ocrx_word' id='word_1_121' title='bbox 1016 1789 1164 1866; x_wconf 88' lang='lat' dir='ltr'><strong>flumina,</strong></span> <span class='ocrx_word' id='word_1_122' title='bbox 1181 1802 1210 1849; x_wconf 87' lang='lat' dir='ltr'><strong>et</strong></span> <span class='ocrx_word' id='word_1_123' title='bbox 1222 1787 1344 1870; x_wconf 76' lang='lat' dir='ltr'><strong>longio-</strong></span> 
     </span>
     <span class='ocr_line' id='line_1_15' title="bbox 293 1884 1343 1970; baseline -0.001 -24"><span class='ocrx_word' id='word_1_124' title='bbox 293 1905 339 1946; x_wconf 87' lang='lat' dir='ltr'><strong>res</strong></span> <span class='ocrx_word' id='word_1_125' title='bbox 355 1884 449 1944; x_wconf 87' lang='lat' dir='ltr'><strong>maris</strong></span> <span class='ocrx_word' id='word_1_126' title='bbox 462 1897 577 1946; x_wconf 87' lang='lat' dir='ltr'><strong>tractus</strong></span> <span class='ocrx_word' id='word_1_127' title='bbox 592 1898 732 1964; x_wconf 81' lang='lat' dir='ltr'><strong>tranare,</strong></span> <span class='ocrx_word' id='word_1_128' title='bbox 745 1887 910 1964; x_wconf 83' lang='lat' dir='ltr'><strong>exclamet,</strong></span> <span class='ocrx_word' id='word_1_129' title='bbox 926 1886 1063 1948; x_wconf 71' lang='lat' dir='ltr'><strong>horribile</strong></span> <span class='ocrx_word' id='word_1_130' title='bbox 1076 1888 1173 1948; x_wconf 80' lang='lat' dir='ltr'><strong>dictu!</strong></span> <span class='ocrx_word' id='word_1_131' title='bbox 1184 1907 1283 1970; x_wconf 91' lang='lat' dir='ltr'><strong>quum</strong></span> <span class='ocrx_word' id='word_1_132' title='bbox 1295 1905 1343 1946; x_wconf 88' lang='lat' dir='ltr'><strong>ars</strong></span> 
     </span>
     <span class='ocr_line' id='line_1_16' title="bbox 293 1982 1343 2070; baseline 0.001 -28"><span class='ocrx_word' id='word_1_133' title='bbox 293 1984 351 2044; x_wconf 88' lang='lat' dir='ltr'><strong>ista</strong></span> <span class='ocrx_word' id='word_1_134' title='bbox 369 1985 401 2043; x_wconf 91' lang='lat' dir='ltr'><strong>in</strong></span> <span class='ocrx_word' id='word_1_135' title='bbox 420 1982 508 2045; x_wconf 89' lang='lat' dir='ltr'><strong>bellis</strong></span> <span class='ocrx_word' id='word_1_136' title='bbox 527 1983 632 2046; x_wconf 84' lang='lat' dir='ltr'><strong>fuisset</strong></span> <span class='ocrx_word' id='word_1_137' title='bbox 649 1988 773 2067; x_wconf 81' lang='lat' dir='ltr'><strong>cognita</strong></span> <span class='ocrx_word' id='word_1_138' title='bbox 787 1985 969 2070; x_wconf 87' lang='lat' dir='ltr'><strong>priusquam</strong></span> <span class='ocrx_word' id='word_1_139' title='bbox 986 1986 1142 2068; x_wconf 71' lang='lat' dir='ltr'><strong>Theognis</strong></span> <span class='ocrx_word' id='word_1_140' title='bbox 1159 1997 1343 2046; x_wconf 84' lang='lat' dir='ltr'><strong>nasceretur.</strong></span> 
     </span>
    </p>
   </div>
   <div class='ocr_carea' id='block_1_3' title="bbox 293 2077 1435 2162">
    <p class='ocr_par' dir='ltr' id='par_1_3' title="bbox 293 2077 1435 2162">
     <span class='ocr_line' id='line_1_17' title="bbox 293 2077 1435 2162; baseline 0.002 -24"><span class='ocrx_word' id='word_1_141' title='bbox 293 2081 363 2139; x_wconf 87' lang='lat' dir='ltr'><strong>Jam</strong></span> <span class='ocrx_word' id='word_1_142' title='bbox 379 2078 458 2140; x_wconf 91' lang='lat' dir='ltr'><strong>illud</strong></span> <span class='ocrx_word' id='word_1_143' title='bbox 474 2080 512 2142; x_wconf 93' lang='lat' dir='ltr'><strong>de</strong></span> <span class='ocrx_word' id='word_1_144' title='bbox 527 2081 646 2158; x_wconf 88' lang='lat' dir='ltr'><strong>Mario,</strong></span> <span class='ocrx_word' id='word_1_145' title='bbox 660 2080 714 2143; x_wconf 89' lang='lat' dir='ltr'><strong>lib.</strong></span> <span class='ocrx_word' id='word_1_146' title='bbox 729 2084 791 2158; x_wconf 84' lang='grc' dir='ltr'>ΙΙΙ,</span> <span class='ocrx_word' id='word_1_147' title='bbox 810 2105 863 2143; x_wconf 86' lang='lat'><strong>21:</strong></span> <span class='ocrx_word' id='word_1_148' title='bbox 880 2109 894 2140; x_wconf 88' lang='grc' dir='ltr'><strong>ιι</strong></span> <span class='ocrx_word' id='word_1_149' title='bbox 905 2083 1025 2159; x_wconf 87' lang='lat' dir='ltr'><strong>Carcer,</strong></span> <span class='ocrx_word' id='word_1_150' title='bbox 1038 2096 1169 2158; x_wconf 80' lang='lat' dir='ltr'><strong>catenae,</strong></span> <span class='ocrx_word' id='word_1_151' title='bbox 1186 2081 1278 2162; x_wconf 77' lang='lat' dir='ltr'><strong>fuga,</strong></span> <span class='ocrx_word' id='word_1_152' title='bbox 1295 2099 1343 2140; x_wconf 83' lang='lat' dir='ltr'><strong>ex·</strong></span> <span class='ocrx_word' id='word_1_153' title='bbox 1431 2077 1435 2085; x_wconf 76' lang='grc'><strong>’</strong></span> 
     </span>
    </p>
   </div>
   <div class='ocr_carea' id='block_1_4' title="bbox 251 2175 1347 3337">
    <p class='ocr_par' dir='ltr' id='par_1_4' title="bbox 251 2175 1347 3337">
     <span class='ocr_line' id='line_1_18' title="bbox 251 2175 1343 2262; baseline 0.002 -29"><span class='ocrx_word' id='word_1_154' title='bbox 251 2199 255 2220; x_wconf 72' lang='grc' dir='ltr'><strong><em>ι</em></strong></span> <span class='ocrx_word' id='word_1_155' title='bbox 296 2175 423 2238; x_wconf 71' lang='lat' dir='ltr'><strong>«silium</strong></span> <span class='ocrx_word' id='word_1_156' title='bbox 450 2177 705 2240; x_wconf 84' lang='lat' dir='ltr'><strong>horrificaverant</strong></span> <span class='ocrx_word' id='word_1_157' title='bbox 727 2180 908 2262; x_wconf 75' lang='lat' dir='ltr'><strong>dignitatem</strong></span> <span class='ocrx_word' id='word_1_158' title='bbox 933 2180 1060 2240; x_wconf 72' lang='lat' dir='ltr'><strong>Marii.»</strong></span> <span class='ocrx_word' id='word_1_159' title='bbox 1082 2181 1123 2239; x_wconf 88' lang='lat' dir='ltr'><strong>Et</strong></span> <span class='ocrx_word' id='word_1_160' title='bbox 1146 2178 1184 2240; x_wconf 90' lang='lat' dir='ltr'><strong>de</strong></span> <span class='ocrx_word' id='word_1_161' title='bbox 1208 2179 1343 2251; x_wconf 72' lang='lat' dir='ltr'><strong>Cessare,</strong></span> 
     </span>
     <span class='ocr_line' id='line_1_19' title="bbox 292 2273 1346 2360; baseline -0.001 -26"><span class='ocrx_word' id='word_1_162' title='bbox 292 2274 348 2335; x_wconf 90' lang='lat' dir='ltr'><strong>lib.</strong></span> <span class='ocrx_word' id='word_1_163' title='bbox 363 2277 416 2350; x_wconf 84' lang='lat' dir='ltr'><strong>tv,</strong></span> <span class='ocrx_word' id='word_1_164' title='bbox 433 2297 450 2335; x_wconf 84' lang='lat'><em>2</em></span> <span class='ocrx_word' id='word_1_165' title='bbox 464 2299 471 2334; x_wconf 76' lang='grc' dir='ltr'><strong>ε</strong></span> <span class='ocrx_word' id='word_1_166' title='bbox 489 2302 503 2332; x_wconf 90' lang='grc' dir='ltr'><strong>ιι</strong></span> <span class='ocrx_word' id='word_1_167' title='bbox 514 2278 608 2355; x_wconf 86' lang='lat' dir='ltr'><strong>Quasi</strong></span> <span class='ocrx_word' id='word_1_168' title='bbox 625 2277 662 2338; x_wconf 90' lang='lat' dir='ltr'><strong>de</strong></span> <span class='ocrx_word' id='word_1_169' title='bbox 682 2276 833 2338; x_wconf 84' lang='lat' dir='ltr'><strong>industria</strong></span> <span class='ocrx_word' id='word_1_170' title='bbox 852 2298 999 2360; x_wconf 85' lang='lat' dir='ltr'><strong>prospera</strong></span> <span class='ocrx_word' id='word_1_171' title='bbox 1017 2276 1082 2359; x_wconf 87' lang='lat' dir='ltr'><strong>ejus</strong></span> <span class='ocrx_word' id='word_1_172' title='bbox 1099 2277 1231 2338; x_wconf 83' lang='lat' dir='ltr'><strong>adversis</strong></span> <span class='ocrx_word' id='word_1_173' title='bbox 1247 2273 1346 2336; x_wconf 86' lang='lat' dir='ltr'><strong>radia·</strong></span> 
     </span>
     <span class='ocr_line' id='line_1_20' title="bbox 297 2372 1346 2456; baseline -0.002 -25"><span class='ocrx_word' id='word_1_174' title='bbox 297 2395 310 2425; x_wconf 83' lang='grc' dir='ltr'><strong>ιι</strong></span> <span class='ocrx_word' id='word_1_175' title='bbox 320 2383 436 2448; x_wconf 85' lang='lat' dir='ltr'><strong>rentur,</strong></span> <span class='ocrx_word' id='word_1_176' title='bbox 446 2399 461 2430; x_wconf 84' lang='grc' dir='ltr'><strong>ιι</strong></span> <span class='ocrx_word' id='word_1_177' title='bbox 487 2393 582 2456; x_wconf 87' lang='lat' dir='ltr'><strong>quam</strong></span> <span class='ocrx_word' id='word_1_178' title='bbox 610 2373 725 2451; x_wconf 82' lang='lat' dir='ltr'><strong>audax,</strong></span> <span class='ocrx_word' id='word_1_179' title='bbox 749 2396 844 2455; x_wconf 87' lang='lat' dir='ltr'><strong>quam</strong></span> <span class='ocrx_word' id='word_1_180' title='bbox 866 2375 1007 2455; x_wconf 63' lang='grc' dir='ltr'><strong><em>μιτὲιιρονέ</em></strong></span> <span class='ocrx_word' id='word_1_181' title='bbox 1031 2376 1093 2438; x_wconf 86' lang='lat' dir='ltr'><strong>Pro</strong></span> <span class='ocrx_word' id='word_1_182' title='bbox 1113 2373 1175 2435; x_wconf 89' lang='lat' dir='ltr'><strong>hoc</strong></span> <span class='ocrx_word' id='word_1_183' title='bbox 1199 2372 1346 2434; x_wconf 86' lang='lat' dir='ltr'><strong>dixissent</strong></span> 
     </span>
     <span class='ocr_line' id='line_1_21' title="bbox 294 2469 1346 2555; baseline -0.002 -26"><span class='ocrx_word' id='word_1_184' title='bbox 294 2469 446 2546; x_wconf 87' lang='lat' dir='ltr'><strong>saniores,</strong></span> <span class='ocrx_word' id='word_1_185' title='bbox 472 2491 620 2554; x_wconf 87' lang='lat' dir='ltr'><strong>prospera</strong></span> <span class='ocrx_word' id='word_1_186' title='bbox 643 2471 776 2534; x_wconf 87' lang='lat' dir='ltr'><strong>adversis</strong></span> <span class='ocrx_word' id='word_1_187' title='bbox 799 2473 1044 2533; x_wconf 86' lang='lat' dir='ltr'><strong>illustrarentur:</strong></span> <span class='ocrx_word' id='word_1_188' title='bbox 1066 2492 1124 2555; x_wconf 91' lang='lat' dir='ltr'><strong>pro</strong></span> <span class='ocrx_word' id='word_1_189' title='bbox 1151 2471 1222 2546; x_wconf 91' lang='lat' dir='ltr'><strong>illo,</strong></span> <span class='ocrx_word' id='word_1_190' title='bbox 1243 2488 1346 2531; x_wconf 84' lang='lat' dir='ltr'><strong>carcer</strong></span> 
     </span>
     <span class='ocr_line' id='line_1_22' title="bbox 294 2562 1345 2649; baseline -0.001 -24"><span class='ocrx_word' id='word_1_191' title='bbox 294 2579 421 2626; x_wconf 79' lang='lat' dir='ltr'><strong>auxerat</strong></span> <span class='ocrx_word' id='word_1_192' title='bbox 436 2565 622 2649; x_wconf 78' lang='lat' dir='ltr'><strong>dignitatem</strong></span> <span class='ocrx_word' id='word_1_193' title='bbox 635 2569 745 2648; x_wconf 86' lang='lat' dir='ltr'><strong>Marii,</strong></span> <span class='ocrx_word' id='word_1_194' title='bbox 762 2583 833 2647; x_wconf 84' lang='lat' dir='ltr'><strong>aut,</strong></span> <span class='ocrx_word' id='word_1_195' title='bbox 851 2569 989 2630; x_wconf 88' lang='lat' dir='ltr'><strong>Marium</strong></span> <span class='ocrx_word' id='word_1_196' title='bbox 1006 2567 1261 2630; x_wconf 85' lang='lat' dir='ltr'><strong>venerabiliorem</strong></span> <span class='ocrx_word' id='word_1_197' title='bbox 1275 2562 1345 2625; x_wconf 87' lang='lat' dir='ltr'><strong>red-</strong></span> 
     </span>
     <span class='ocr_line' id='line_1_23' title="bbox 293 2661 1344 2750; baseline -0.002 -28"><span class='ocrx_word' id='word_1_198' title='bbox 293 2661 422 2724; x_wconf 85' lang='lat' dir='ltr'><strong>diderat.</strong></span> <span class='ocrx_word' id='word_1_199' title='bbox 437 2665 594 2728; x_wconf 87' lang='lat' dir='ltr'><strong>Nimirum</strong></span> <span class='ocrx_word' id='word_1_200' title='bbox 608 2668 681 2750; x_wconf 89' lang='lat' dir='ltr'><strong>quia</strong></span> <span class='ocrx_word' id='word_1_201' title='bbox 699 2666 830 2730; x_wconf 87' lang='lat' dir='ltr'><strong>horrore</strong></span> <span class='ocrx_word' id='word_1_202' title='bbox 846 2687 931 2728; x_wconf 87' lang='lat' dir='ltr'><strong>sacro</strong></span> <span class='ocrx_word' id='word_1_203' title='bbox 948 2666 1095 2749; x_wconf 77' lang='lat' dir='ltr'><strong>perfundi</strong></span> <span class='ocrx_word' id='word_1_204' title='bbox 1113 2666 1273 2738; x_wconf 84' lang='lat' dir='ltr'><strong>dicuntur,</strong></span> <span class='ocrx_word' id='word_1_205' title='bbox 1289 2663 1344 2744; x_wconf 91' lang='lat' dir='ltr'><strong>qui</strong></span> 
     </span>
     <span class='ocr_line' id='line_1_24' title="bbox 293 2759 1345 2848; baseline -0.002 -29"><span class='ocrx_word' id='word_1_206' title='bbox 293 2760 363 2820; x_wconf 89' lang='lat' dir='ltr'><strong>loca</strong></span> <span class='ocrx_word' id='word_1_207' title='bbox 379 2761 486 2823; x_wconf 76' lang='lat' dir='ltr'><strong>divina</strong></span> <span class='ocrx_word' id='word_1_208' title='bbox 503 2777 533 2824; x_wconf 90' lang='lat' dir='ltr'><strong>et</strong></span> <span class='ocrx_word' id='word_1_209' title='bbox 548 2779 677 2847; x_wconf 79' lang='lat' dir='ltr'><strong>augusta</strong></span> <span class='ocrx_word' id='word_1_210' title='bbox 690 2767 918 2848; x_wconf 76' lang='lat' dir='ltr'><strong>ingrediuntur,</strong></span> <span class='ocrx_word' id='word_1_211' title='bbox 933 2766 1066 2847; x_wconf 75' lang='lat' dir='ltr'><strong>ipsisque</strong></span> <span class='ocrx_word' id='word_1_212' title='bbox 1082 2763 1158 2826; x_wconf 91' lang='lat' dir='ltr'><strong>lucis</strong></span> <span class='ocrx_word' id='word_1_213' title='bbox 1175 2777 1206 2824; x_wconf 91' lang='lat' dir='ltr'><strong>et</strong></span> <span class='ocrx_word' id='word_1_214' title='bbox 1221 2759 1345 2843; x_wconf 90' lang='lat' dir='ltr'><strong>templis</strong></span> 
     </span>
     <span class='ocr_line' id='line_1_25' title="bbox 293 2857 1345 2944; baseline -0.002 -25"><span class='ocrx_word' id='word_1_215' title='bbox 293 2871 392 2940; x_wconf 79' lang='lat' dir='ltr'><strong>postte</strong></span> <span class='ocrx_word' id='word_1_216' title='bbox 409 2863 566 2942; x_wconf 75' lang='lat' dir='ltr'><strong>assignant</strong></span> <span class='ocrx_word' id='word_1_217' title='bbox 581 2857 761 2942; x_wconf 83' lang='lat' dir='ltr'><strong>horrorem,</strong></span> <span class='ocrx_word' id='word_1_218' title='bbox 775 2866 884 2926; x_wconf 86' lang='lat' dir='ltr'><strong>Noster</strong></span> <span class='ocrx_word' id='word_1_219' title='bbox 896 2865 1079 2925; x_wconf 85' lang='lat' dir='ltr'><strong>existimavit</strong></span> <span class='ocrx_word' id='word_1_220' title='bbox 1095 2883 1125 2922; x_wconf 87' lang='lat' dir='ltr'><strong>se</strong></span> <span class='ocrx_word' id='word_1_221' title='bbox 1142 2879 1257 2944; x_wconf 77' lang='lat' dir='ltr'><strong>magna</strong></span> <span class='ocrx_word' id='word_1_222' title='bbox 1274 2877 1345 2919; x_wconf 87' lang='lat' dir='ltr'><strong>cum</strong></span> 
     </span>
     <span class='ocr_line' id='line_1_26' title="bbox 294 2955 1345 3046; baseline 0.002 -33"><span class='ocrx_word' id='word_1_223' title='bbox 294 2969 455 3019; x_wconf 77' lang='lat' dir='ltr'><strong>venustate</strong></span> <span class='ocrx_word' id='word_1_224' title='bbox 466 2975 497 3020; x_wconf 88' lang='lat' dir='ltr'><strong>et</strong></span> <span class='ocrx_word' id='word_1_225' title='bbox 507 2959 659 3043; x_wconf 78' lang='lat' dir='ltr'><strong>elegantia</strong></span> <span class='ocrx_word' id='word_1_226' title='bbox 670 2983 787 3032; x_wconf 88' lang='lat' dir='ltr'><strong>novam</strong></span> <span class='ocrx_word' id='word_1_227' title='bbox 799 2983 888 3046; x_wconf 88' lang='lat' dir='ltr'><strong>posse</strong></span> <span class='ocrx_word' id='word_1_228' title='bbox 897 2963 967 3022; x_wconf 82' lang='lat' dir='ltr'><strong>roci</strong></span> <span class='ocrx_word' id='word_1_229' title='bbox 977 2959 1141 3043; x_wconf 75' lang='lat' dir='ltr'><strong>lenificata</strong></span> <span class='ocrx_word' id='word_1_230' title='bbox 1149 2955 1345 3042; x_wconf 75' lang='lat' dir='ltr'><strong>significatio-</strong></span> 
     </span>
     <span class='ocr_line' id='line_1_27' title="bbox 293 3057 1347 3144; baseline -0.003 -30"><span class='ocrx_word' id='word_1_231' title='bbox 293 3073 366 3118; x_wconf 85' lang='lat' dir='ltr'><strong>nem</strong></span> <span class='ocrx_word' id='word_1_232' title='bbox 386 3057 564 3139; x_wconf 83' lang='lat' dir='ltr'><strong>imponere,</strong></span> <span class='ocrx_word' id='word_1_233' title='bbox 578 3079 635 3143; x_wconf 91' lang='lat' dir='ltr'><strong>pro</strong></span> <span class='ocrx_word' id='word_1_234' title='bbox 649 3073 715 3122; x_wconf 86' lang='lat' dir='ltr'><strong>tam</strong></span> <span class='ocrx_word' id='word_1_235' title='bbox 734 3073 901 3144; x_wconf 73' lang='lat' dir='ltr'><strong>augustum</strong></span> <span class='ocrx_word' id='word_1_236' title='bbox 919 3073 950 3120; x_wconf 87' lang='lat' dir='ltr'><strong>et</strong></span> <span class='ocrx_word' id='word_1_237' title='bbox 964 3059 1136 3120; x_wconf 82' lang='lat' dir='ltr'><strong>verendum</strong></span> <span class='ocrx_word' id='word_1_238' title='bbox 1152 3057 1297 3130; x_wconf 85' lang='lat' dir='ltr'><strong>reddere,</strong></span> <span class='ocrx_word' id='word_1_239' title='bbox 1311 3067 1347 3111; x_wconf 82' lang='lat' dir='ltr'><strong>ut</strong></span> 
     </span>
     <span class='ocr_line' id='line_1_28' title="bbox 293 3149 1345 3238; baseline -0.003 -26"><span class='ocrx_word' id='word_1_240' title='bbox 293 3151 358 3232; x_wconf 81' lang='lat' dir='ltr'><strong>ejus</strong></span> <span class='ocrx_word' id='word_1_241' title='bbox 371 3156 506 3216; x_wconf 84' lang='lat' dir='ltr'><strong>nominis</strong></span> <span class='ocrx_word' id='word_1_242' title='bbox 519 3155 660 3238; x_wconf 85' lang='lat' dir='ltr'><strong>majestas</strong></span> <span class='ocrx_word' id='word_1_243' title='bbox 673 3159 820 3218; x_wconf 89' lang='lat' dir='ltr'><strong>omnibus</strong></span> <span class='ocrx_word' id='word_1_244' title='bbox 831 3179 952 3220; x_wconf 88' lang='lat' dir='ltr'><strong>sacrum</strong></span> <span class='ocrx_word' id='word_1_245' title='bbox 964 3159 1096 3219; x_wconf 86' lang='lat' dir='ltr'><strong>incutiat</strong></span> <span class='ocrx_word' id='word_1_246' title='bbox 1104 3155 1278 3216; x_wconf 84' lang='lat' dir='ltr'><strong>horrorem.</strong></span> <span class='ocrx_word' id='word_1_247' title='bbox 1287 3149 1345 3212; x_wconf 87' lang='lat' dir='ltr'><strong>Sed</strong></span> 
     </span>
     <span class='ocr_line' id='line_1_29' title="bbox 294 3249 1345 3337; baseline 0 -29"><span class='ocrx_word' id='word_1_248' title='bbox 294 3267 364 3334; x_wconf 78' lang='lat' dir='ltr'><strong>quoe</strong></span> <span class='ocrx_word' id='word_1_249' title='bbox 386 3249 451 3312; x_wconf 81' lang='lat' dir='ltr'><strong>liaec</strong></span> <span class='ocrx_word' id='word_1_250' title='bbox 478 3269 523 3312; x_wconf 87' lang='lat' dir='ltr'><strong>est</strong></span> <span class='ocrx_word' id='word_1_251' title='bbox 549 3255 726 3335; x_wconf 78' lang='lat' dir='ltr'><strong>protervia?</strong></span> <span class='ocrx_word' id='word_1_252' title='bbox 746 3255 895 3337; x_wconf 67' lang='lat' dir='ltr'><strong>Virgilius</strong></span> <span class='ocrx_word' id='word_1_253' title='bbox 915 3254 1034 3314; x_wconf 83' lang='lat' dir='ltr'><strong>AEueid.</strong></span> <span class='ocrx_word' id='word_1_254' title='bbox 1058 3255 1101 3314; x_wconf 70' lang='grc' dir='ltr'><strong>ΙΙΙ</strong></span> <span class='ocrx_word' id='word_1_255' title='bbox 1121 3251 1222 3326; x_wconf 84' lang='lat' dir='ltr'><strong>canit,</strong></span> <span class='ocrx_word' id='word_1_256' title='bbox 1238 3262 1345 3309; x_wconf 76' lang='lat' dir='ltr'><strong>ranam</strong></span> 
     </span>
    </p>
   </div>
   <div class='ocr_carea' id='block_1_5' title="bbox 294 3346 1444 3433">
    <p class='ocr_par' dir='ltr' id='par_1_5' title="bbox 294 3346 1444 3433">
     <span class='ocr_line' id='line_1_30' title="bbox 294 3346 1444 3433; baseline -0.002 -25"><span class='ocrx_word' id='word_1_257' title='bbox 294 3346 438 3428; x_wconf 74' lang='lat' dir='ltr'><strong>predicta</strong></span> <span class='ocrx_word' id='word_1_258' title='bbox 450 3346 580 3408; x_wconf 72' lang='lat' dir='ltr'><strong>horribili</strong></span> <span class='ocrx_word' id='word_1_259' title='bbox 590 3353 700 3411; x_wconf 79' lang='lat' dir='ltr'><strong>monitu</strong></span> <span class='ocrx_word' id='word_1_260' title='bbox 710 3351 958 3433; x_wconf 67' lang='lat' dir='ltr'><strong>lenificata,hoc</strong></span> <span class='ocrx_word' id='word_1_261' title='bbox 967 3347 1229 3425; x_wconf 85' lang='lat' dir='ltr'><strong>est,terribilibus</strong></span> <span class='ocrx_word' id='word_1_262' title='bbox 1238 3347 1344 3420; x_wconf 86' lang='lat' dir='ltr'><strong>rebus,</strong></span> <span class='ocrx_word' id='word_1_263' title='bbox 1440 3412 1444 3423; x_wconf 28' lang='lat'><strong>¹</strong></span> 
     </span>
    </p>
   </div>
   <div class='ocr_carea' id='block_1_6' title="bbox 295 3441 1346 3526">
    <p class='ocr_par' dir='ltr' id='par_1_6' title="bbox 295 3441 1346 3526">
     <span class='ocr_line' id='line_1_31' title="bbox 295 3441 1346 3526; baseline 0 -22"><span class='ocrx_word' id='word_1_264' title='bbox 295 3450 372 3526; x_wconf 79' lang='lat' dir='ltr'><strong>quus</strong></span> <span class='ocrx_word' id='word_1_265' title='bbox 385 3443 504 3505; x_wconf 81' lang='lat' dir='ltr'><strong>futuras</strong></span> <span class='ocrx_word' id='word_1_266' title='bbox 519 3447 728 3522; x_wconf 83' lang='lat' dir='ltr'><strong>nunciabant,</strong></span> <span class='ocrx_word' id='word_1_267' title='bbox 742 3446 906 3509; x_wconf 84' lang='lat' dir='ltr'><strong>horrorem</strong></span> <span class='ocrx_word' id='word_1_268' title='bbox 924 3461 954 3508; x_wconf 87' lang='lat' dir='ltr'><strong>et</strong></span> <span class='ocrx_word' id='word_1_269' title='bbox 970 3460 1087 3508; x_wconf 88' lang='lat' dir='ltr'><strong>metum</strong></span> <span class='ocrx_word' id='word_1_270' title='bbox 1103 3441 1286 3508; x_wconf 81' lang='lat' dir='ltr'><strong>hominibus</strong></span> <span class='ocrx_word' id='word_1_271' title='bbox 1300 3443 1346 3505; x_wconf 79' lang='lat' dir='ltr'><strong>ai·</strong></span> 
     </span>
    </p>
   </div>
   <div class='ocr_carea' id='block_1_7' title="bbox 296 3541 1390 4211">
    <p class='ocr_par' dir='ltr' id='par_1_7' title="bbox 296 3541 1390 4211">
     <span class='ocr_line' id='line_1_32' title="bbox 296 3541 1390 3630; baseline 0.001 -27"><span class='ocrx_word' id='word_1_272' title='bbox 296 3541 385 3606; x_wconf 82' lang='lat' dir='ltr'><strong>ferre.</strong></span> <span class='ocrx_word' id='word_1_273' title='bbox 404 3543 461 3606; x_wconf 90' lang='lat' dir='ltr'><strong>Sed</strong></span> <span class='ocrx_word' id='word_1_274' title='bbox 477 3545 588 3604; x_wconf 86' lang='lat' dir='ltr'><strong>Noster</strong></span> <span class='ocrx_word' id='word_1_275' title='bbox 605 3544 709 3606; x_wconf 91' lang='lat' dir='ltr'><strong>noluit</strong></span> <span class='ocrx_word' id='word_1_276' title='bbox 721 3546 771 3605; x_wconf 83' lang='lat' dir='ltr'><strong>via</strong></span> <span class='ocrx_word' id='word_1_277' title='bbox 789 3544 914 3630; x_wconf 73' lang='lat' dir='ltr'><strong>vulgata</strong></span> <span class='ocrx_word' id='word_1_278' title='bbox 933 3559 963 3608; x_wconf 86' lang='lat' dir='ltr'><strong>et</strong></span> <span class='ocrx_word' id='word_1_279' title='bbox 982 3545 1054 3605; x_wconf 87' lang='lat' dir='ltr'><strong>trita</strong></span> <span class='ocrx_word' id='word_1_280' title='bbox 1073 3544 1222 3610; x_wconf 89' lang='lat' dir='ltr'><strong>incedere.</strong></span> <span class='ocrx_word' id='word_1_281' title='bbox 1240 3546 1344 3618; x_wconf 85' lang='lat' dir='ltr'><strong>Nova,</strong></span> <span class='ocrx_word' id='word_1_282' title='bbox 1387 3591 1390 3598; x_wconf 44' lang='grc' dir='ltr'><strong><em>ι</em></strong></span> 
     </span>
     <span class='ocr_line' id='line_1_33' title="bbox 296 3638 1343 3716; baseline -0.001 -17"><span class='ocrx_word' id='word_1_283' title='bbox 296 3642 391 3716; x_wconf 87' lang='lat' dir='ltr'><strong>mira,</strong></span> <span class='ocrx_word' id='word_1_284' title='bbox 406 3640 545 3702; x_wconf 87' lang='lat' dir='ltr'><strong>inaudita</strong></span> <span class='ocrx_word' id='word_1_285' title='bbox 560 3638 687 3702; x_wconf 83' lang='lat' dir='ltr'><strong>luerunt</strong></span> <span class='ocrx_word' id='word_1_286' title='bbox 704 3643 920 3710; x_wconf 85' lang='lat' dir='ltr'><strong>consectanda.</strong></span> <span class='ocrx_word' id='word_1_287' title='bbox 939 3644 1020 3706; x_wconf 81' lang='lat' dir='ltr'><strong>Nam</strong></span> <span class='ocrx_word' id='word_1_288' title='bbox 1040 3643 1187 3706; x_wconf 86' lang='lat' dir='ltr'><strong>novitatis</strong></span> <span class='ocrx_word' id='word_1_289' title='bbox 1207 3641 1343 3703; x_wconf 90' lang='lat' dir='ltr'><strong>studium</strong></span> 
     </span>
     <span class='ocr_line' id='line_1_34' title="bbox 296 3735 1344 3823; baseline -0.002 -25"><span class='ocrx_word' id='word_1_290' title='bbox 296 3735 409 3799; x_wconf 86' lang='lat' dir='ltr'><strong>harum</strong></span> <span class='ocrx_word' id='word_1_291' title='bbox 418 3741 670 3800; x_wconf 83' lang='lat' dir='ltr'><strong>inanissimarum</strong></span> <span class='ocrx_word' id='word_1_292' title='bbox 681 3742 874 3823; x_wconf 77' lang='lat' dir='ltr'><strong>argutiarum</strong></span> <span class='ocrx_word' id='word_1_293' title='bbox 883 3741 975 3803; x_wconf 87' lang='lat' dir='ltr'><strong>unica</strong></span> <span class='ocrx_word' id='word_1_294' title='bbox 984 3752 1029 3801; x_wconf 87' lang='lat' dir='ltr'><strong>est</strong></span> <span class='ocrx_word' id='word_1_295' title='bbox 1038 3762 1158 3817; x_wconf 87' lang='lat' dir='ltr'><strong>caussa,</strong></span> <span class='ocrx_word' id='word_1_296' title='bbox 1169 3755 1206 3801; x_wconf 90' lang='lat' dir='ltr'><strong>ut</strong></span> <span class='ocrx_word' id='word_1_297' title='bbox 1216 3736 1344 3822; x_wconf 86' lang='lat' dir='ltr'><strong>pulchre</strong></span> 
     </span>
     <span class='ocr_line' id='line_1_35' title="bbox 296 3823 1345 3923; baseline -0.001 -28"><span class='ocrx_word' id='word_1_298' title='bbox 296 3835 388 3898; x_wconf 83' lang='lat' dir='ltr'><strong>docet</strong></span> <span class='ocrx_word' id='word_1_299' title='bbox 398 3839 575 3920; x_wconf 74' lang='lat' dir='ltr'><strong>Longinus,</strong></span> <span class='ocrx_word' id='word_1_300' title='bbox 591 3838 624 3898; x_wconf 89' lang='lat' dir='ltr'><strong>in</strong></span> <span class='ocrx_word' id='word_1_301' title='bbox 637 3859 730 3900; x_wconf 86' lang='lat' dir='ltr'><strong>aureo</strong></span> <span class='ocrx_word' id='word_1_302' title='bbox 746 3837 853 3900; x_wconf 89' lang='lat' dir='ltr'><strong>libello</strong></span> <span class='ocrx_word' id='word_1_303' title='bbox 869 3844 926 3923; x_wconf 78' lang='grc' dir='ltr'><strong><em>πιρὶ</em></strong></span> <span class='ocrx_word' id='word_1_304' title='bbox 936 3823 1036 3919; x_wconf 57' lang='lat' dir='ltr'><strong>ipone:</strong></span> <span class='ocrx_word' id='word_1_305' title='bbox 1049 3825 1155 3902; x_wconf 75' lang='grc' dir='ltr'><strong><em>Ιπιιιτα</em></strong></span> <span class='ocrx_word' id='word_1_306' title='bbox 1166 3848 1247 3898; x_wconf 75' lang='grc' dir='ltr'><strong><em>ταῦτα</em></strong></span> <span class='ocrx_word' id='word_1_307' title='bbox 1259 3841 1345 3918; x_wconf 66' lang='grc' dir='ltr'><strong><em>μέντοι</em></strong></span> 
     </span>
     <span class='ocr_line' id='line_1_36' title="bbox 296 3937 1345 4018; baseline 0.008 -26"><span class='ocrx_word' id='word_1_308' title='bbox 296 3937 329 3992; x_wconf 79' lang='lat' dir='ltr'><strong>sd</strong></span> <span class='ocrx_word' id='word_1_309' title='bbox 339 3937 415 4004; x_wconf 71' lang='grc' dir='ltr'><strong>οὕτως</strong></span> <span class='ocrx_word' id='word_1_310' title='bbox 423 3937 520 4018; x_wconf 58' lang='lat' dir='ltr'><strong>despect</strong></span> <span class='ocrx_word' id='word_1_311' title='bbox 531 3939 574 3996; x_wconf 76' lang='grc' dir='ltr'><strong><em>διὰ</em></strong></span> <span class='ocrx_word' id='word_1_312' title='bbox 584 3944 645 4017; x_wconf 63' lang='lat' dir='ltr'><strong>plor</strong></span> <span class='ocrx_word' id='word_1_313' title='bbox 654 3943 771 4018; x_wconf 72' lang='lat' dir='ltr'><strong>lppicrct</strong></span> <span class='ocrx_word' id='word_1_314' title='bbox 779 3949 833 4006; x_wconf 79' lang='grc' dir='ltr'><strong>τοῖς</strong></span> <span class='ocrx_word' id='word_1_315' title='bbox 841 3941 925 4018; x_wconf 67' lang='grc' dir='ltr'><strong><em>λόγοις</em></strong></span> <span class='ocrx_word' id='word_1_316' title='bbox 933 3943 1029 4015; x_wconf 78' lang='grc' dir='ltr'><strong>αἰτίαν,</strong></span> <span class='ocrx_word' id='word_1_317' title='bbox 1041 3939 1122 3998; x_wconf 73' lang='grc' dir='ltr'><strong><em>διὰτὸ</em></strong></span> <span class='ocrx_word' id='word_1_318' title='bbox 1130 3939 1238 4018; x_wconf 59' lang='lat' dir='ltr'><strong>nepisina</strong></span> <span class='ocrx_word' id='word_1_319' title='bbox 1248 3941 1345 4000; x_wconf 67' lang='lat' dir='ltr'><strong>rodun</strong></span> 
     </span>
     <span class='ocr_line' id='line_1_37' title="bbox 297 4031 1344 4117; baseline 0 -27"><span class='ocrx_word' id='word_1_320' title='bbox 297 4035 494 4111; x_wconf 63' lang='lat' dir='ltr'><strong>molosson»,</strong></span> <span class='ocrx_word' id='word_1_321' title='bbox 511 4039 568 4116; x_wconf 70' lang='grc' dir='ltr'><strong>περὶ</strong></span> <span class='ocrx_word' id='word_1_322' title='bbox 584 4037 598 4094; x_wconf 74' lang='grc' dir='ltr'><strong>ὅ</strong></span> <span class='ocrx_word' id='word_1_323' title='bbox 615 4037 646 4100; x_wconf 70' lang='lat' dir='ltr'><strong>di</strong></span> <span class='ocrx_word' id='word_1_324' title='bbox 665 4041 775 4116; x_wconf 65' lang='grc' dir='ltr'><strong><em>μάλιστα</em></strong></span> <span class='ocrx_word' id='word_1_325' title='bbox 792 4040 989 4117; x_wconf 66' lang='lat' dir='ltr'><strong>:optantem</strong></span> <span class='ocrx_word' id='word_1_326' title='bbox 1006 4040 1031 4096; x_wconf 83' lang='lat' dir='ltr'><strong>oi</strong></span> <span class='ocrx_word' id='word_1_327' title='bbox 1047 4045 1101 4095; x_wconf 75' lang='grc' dir='ltr'><strong>νῦν.</strong></span> <span class='ocrx_word' id='word_1_328' title='bbox 1122 4059 1137 4089; x_wconf 83' lang='grc' dir='ltr'><strong>ιι</strong></span> <span class='ocrx_word' id='word_1_329' title='bbox 1149 4035 1222 4095; x_wconf 79' lang='lat' dir='ltr'><strong>Haec</strong></span> <span class='ocrx_word' id='word_1_330' title='bbox 1239 4031 1344 4094; x_wconf 76' lang='lat' dir='ltr'><strong>omnio</strong></span> 
     </span>
     <span class='ocr_line' id='line_1_38' title="bbox 299 4125 1342 4211; baseline 0.002 -27"><span class='ocrx_word' id='word_1_331' title='bbox 299 4125 464 4209; x_wconf 69' lang='lat' dir='ltr'><strong>«dignitati</strong></span> <span class='ocrx_word' id='word_1_332' title='bbox 475 4143 505 4190; x_wconf 86' lang='lat' dir='ltr'><strong>et</strong></span> <span class='ocrx_word' id='word_1_333' title='bbox 519 4132 663 4211; x_wconf 69' lang='lat' dir='ltr'><strong>gravitati</strong></span> <span class='ocrx_word' id='word_1_334' title='bbox 676 4133 830 4194; x_wconf 86' lang='lat' dir='ltr'><strong>contraria</strong></span> <span class='ocrx_word' id='word_1_335' title='bbox 846 4155 943 4194; x_wconf 83' lang='lat' dir='ltr'><strong>unam</strong></span> <span class='ocrx_word' id='word_1_336' title='bbox 960 4134 1001 4192; x_wconf 88' lang='lat' dir='ltr'><strong>ob</strong></span> <span class='ocrx_word' id='word_1_337' title='bbox 1016 4151 1154 4194; x_wconf 84' lang='lat' dir='ltr'><strong>caussam</strong></span> <span class='ocrx_word' id='word_1_338' title='bbox 1167 4132 1342 4192; x_wconf 70' lang='lat' dir='ltr'><strong>meorumue</strong></span> 
     </span>
    </p>
   </div>
   <div class='ocr_carea' id='block_1_8' title="bbox 0 0 1560 4942">
    <p class='ocr_par' dir='ltr' id='par_1_8' title="bbox 0 0 1560 4942">
     <span class='ocr_line' id='line_1_39' title="bbox 0 0 1560 4942; baseline 0 0"><span class='ocrx_word' id='word_1_339' title='bbox 0 0 1560 4942; x_wconf 95' lang='lat' dir='ltr'><strong> </strong></span> 
     </span>
    </p>
   </div>
  </div>
 </body>
</html>
